@inproceedings{filjar2022application,
  title={{A}n application-centred resilient {G}{N}{S}{S} position estimation algorithm based on positioning environment conditions awareness},
  author={Filjar, R.},
  booktitle={Proceedings of the 2022 International Technical Meeting of The Institute of Navigation},
  pages={1123--1136},
  year={2022}
}

@article{filjar2024ambient,
  title={{A}n {A}mbient {A}daptive {G}lobal {N}avigation {S}atellite {S}ystem {T}otal {E}lectron {C}ontent {P}redictive {M}odel for {S}hort-{T}erm {R}apid {G}eomagnetic {S}torm {E}vents},
  author={Filjar, R. and Hedji, I. and Prpi{\'c}-Or{\v{s}}i{\'c}, J. and Iliev, T.},
  journal={Remote Sensing},
  volume={16},
  number={16},
  pages={3051},
  year={2024},
  publisher={MDPI}
}

@book{davies1990ionospheric,
  title={{I}onospheric {R}adio},
  author={Davies, K.},
  isbn={9780863411861},
  lccn={gb89004506},
  series={Electromagnetics and Radar Series},
  url={https://books.google.hr/books?id=qdWUKSj5PCcC},
  year={1990},
  publisher={Institution of Engineering \& Technology},
  address={Futures Place, Stevenage},
}

@inproceedings{filic2018modelling,
  title={modelling the relation between {G}{N}{S}{S} positioning performance degradation, and space weather and ionospheric conditions using {R}{R}elief{F} features selection},
  author={Fili{\'c}, M. and Filjar, R.},
  booktitle={ION GNSS+ 2018 Meeting},
  pages={1999--2006},
  year={2018}
}

@book{spilker1996global,
  title={{G}lobal positioning system: theory and applications, volume {I}},
  author={Spilker Jr, J. J. and Axelrad, P. and Parkinson, B. W. and Enge, P.},
  year={1996},
  publisher={American Institute of Aeronautics and Astronautics},
  address={Reston, Virginia}
}

@book{oxley2017uncertainties,
  title={{U}ncertainties in {G}{P}{S} {P}ositioning: {A} mathematical discourse},
  author={Oxley, A.},
  year={2017},
  publisher={Academic Press},
  address={Cambridge, Massachusetts}
}

@inproceedings{sikirica2021risk,
  title={{A} {R}isk {A}ssessment of {G}eomagnetic {C}onditions {I}mpact on {G}{P}{S} {P}ositioning {A}ccuracy {D}egradation in {T}ropical {R}egions {U}sing {D}st {I}ndex},
  author={Sikirica, N. and Dimc, F. and Jukic, O. and Iliev, T. B. and Spoljar, D. and Filjar, R.},
  booktitle={Proceedings of the 2021 International Technical Meeting of The Institute of Navigation},
  pages={606--615},
  year={2021}
}

@article{natras2022ensemble,
  title={{E}nsemble machine learning of random forest, {A}da{B}oost and {X}{G}{B}oost for vertical total electron content forecasting},
  author={Natras, R. and Soja, B. and Schmidt, M.},
  journal={Remote Sensing},
  volume={14},
  number={15},
  pages={3547},
  year={2022},
  publisher={MDPI}
}

@article{natras2023regional,
  title={{R}egional ionosphere delay models based on {C}{O}{R}{S} data and machine learning},
  author={Natras, R. and Goss, A. and Halilovic, D. and Magnet, N. and Mulic, M. and Schmidt, M. and Weber, R.},
  journal={NAVIGATION: Journal of the Institute of Navigation},
  volume={70},
  number={3},
  year={2023},
  publisher={Institute of Navigation}
}

@article{filjar2020comparison,
  title={{A} {C}{O}{M}{P}{A}{R}{I}{S}{O}{N} {O}{F} {M}{A}{C}{H}{I}{N}{E} {L}{E}{A}{R}{N}{I}{N}{G}-{B}{A}{S}{E}{D} {I}{N}{D}{I}{V}{I}{D}{U}{A}{L} {M}{O}{B}{I}{L}{I}{T}{Y} {C}{L}{A}{S}{S}{I}{F}{I}{C}{A}{T}{I}{O}{N} {M}{O}{D}{E}{L}{S} {D}{E}{V}{E}{L}{O}{P}{E}{D} {O}{N} {S}{E}{N}{S}{O}{R} {R}{E}{A}{D}{I}{N}{G}{S} {F}{R}{O}{M} {L}{O}{O}{S}{E}{L}{Y} {A}{T}{T}{A}{C}{H}{E}{D} {S}{M}{A}{R}{T}{P}{H}{O}{N}{E}{S}.},
  author={Filjar, R. and Sklebar, I. and Horvat, M.},
  journal={Komunik{\'a}cie},
  volume={22},
  number={4},
  year={2020}
}

@inproceedings{Boser1992,
  author     = {Boser, B. E. and Guyon, I. M. and Vapnik, V. N.},
  booktitle  = {Proceedings of the fifth annual workshop on Computational learning theory},
  title      = {{A} training algorithm for optimal margin classifiers},
  year       = {1992},
  address    = {New York, NY, USA},
  month      = jul,
  publisher  = {ACM},
  conference = {COLT92: 5th Annual Workshop on Computational Learning Theory},
}

@article{Cortes1995,
  author    = {Cortes, C. and Vapnik, V.},
  journal   = {Mach. Learn.},
  title     = {{S}upport-vector networks},
  year      = {1995},
  month     = sep,
  number    = {3},
  pages     = {273--297},
  volume    = {20},
  publisher = {Springer Science and Business Media LLC},
}

@article{BenHur2001,
  author  = {Ben-Hur, A. and Horn, D. and Siegelmann, H. and Vapnik, V.},
  journal = {Journal of Machine Learning Research},
  title   = {{S}upport {V}ector {C}lustering},
  year    = {2001},
  month   = nov,
  pages   = {125--137},
  volume  = {2},
  doi     = {10.1162/15324430260185565},
}

@article{Meyer2003,
  author    = {Meyer, D. and Leisch, F. and Hornik, K.},
  journal   = {Neurocomputing},
  title     = {{T}he support vector machine under test},
  year      = {2003},
  month     = sep,
  number    = {1-2},
  pages     = {169--186},
  volume    = {55},
  publisher = {Elsevier BV},
}

@article{HastieRosset2009,
  author    = {Hastie, T. and Rosset, S. and Zhu, J. and Zou, H.},
  journal   = {Stat. Interface},
  title     = {{M}ulti-class {{A}da{B}oost}},
  year      = {2009},
  number    = {3},
  pages     = {349--360},
  volume    = {2},
  publisher = {International Press of Boston},
}

@inproceedings{Aizerman1964,
  author    = {Aizerman, M. A. and Braverman, E. A. and Rozonoer, L.},
  booktitle = {Automation and Remote Control},
  title     = {{T}heoretical foundations of the potential function method in pattern recognition learning},
  year      = {1964},
  number    = {25},
  pages     = {821--837},
  series    = {Automation and Remote Control,},
  added-at  = {2006-09-08T00:59:05.000+0200},
  biburl    = {https://www.bibsonomy.org/bibtex/22d5200f2631a82c1ccb33db90ee38d10/naufraghi},
  interhash = {4848b39ce0f837dc7b429b700526c5b1},
  intrahash = {2d5200f2631a82c1ccb33db90ee38d10},
  keywords  = {MachineLearning intelligenza-artificiale AI svm},
  timestamp = {2006-09-08T00:59:05.000+0200},
}

@article{Jin2012,
  author  = {Jin, C. and Wang, L.},
  journal = {Advances in Neural Information Processing Systems},
  title   = {{D}imensionality dependent {{P}{A}{C}}-{B}ayes margin bound},
  year    = {2012},
  month   = jan,
  pages   = {1034--1042},
  volume  = {2},
}

@book{Press2007,
  author    = {Press, W. H. and Teukolsky, S. A. and Vetterling, W. T. and Flannery, B. P.},
  publisher = {Cambridge University Press},
  title     = {{N}umerical recipes 3rd edition},
  year      = {2007},
  address   = {Cambridge, England},
  edition   = {Third},
  month     = sep,
}

@incollection{Joachims1998,
  author    = {Joachims, T.},
  booktitle = {Machine Learning: {ECML-98}},
  publisher = {Springer Berlin Heidelberg},
  title     = {{T}ext categorization with {S}upport {V}ector {M}achines: {L}earning with many relevant features},
  year      = {1998},
  address   = {Berlin, Heidelberg},
  pages     = {137--142},
  series    = {Lecture notes in computer science},
}

@inproceedings{Pradhan2004,
  author    = {Pradhan, S. S. and Ward, W. H. and Hacioglu, K. and Martin, J. H. and Jurafsky, D.},
  booktitle = {Proceedings of the Human Language Technology Conference of the North {A}merican Chapter of the Association for Computational Linguistics: {HLT}-{NAACL} 2004},
  title     = {{S}hallow {S}emantic {P}arsing using {S}upport {V}ector {M}achines},
  year      = {2004},
  address   = {Boston, Massachusetts, USA},
  month     = may # { 2 - } # may # { 7},
  pages     = {233--240},
  publisher = {Association for Computational Linguistics},
  url       = {https://aclanthology.org/N04-1030},
}

@book{Laurent2014,
  title={{I}nformation {P}rocessing and {M}anagement of {U}ncertainty in {K}nowledge-{B}ased {S}ystems},
  author={Laurent, A. and Strauss, O. and Bouchon-Meunier, B. and Yager, R. R.},
  booktitle={16th International Conference, IPMU},
  pages={442},
  year={2014},
  publisher={Springer},
  address={Berlin/Heidelberg, Germany}
}

@incollection{Barghout2015,
  author    = {Barghout, L.},
  booktitle = {Studies in Big Data},
  publisher = {Springer International Publishing},
  title     = {{S}patial-taxon information granules as used in iterative fuzzy-decision-making for image segmentation},
  year      = {2015},
  address   = {Cham},
  pages     = {285--318},
}

@article{Maity2016,
  author        = {Maity, A.},
  journal       = {arXiv preprint arXiv:1608.00501},
  title         = {{S}upervised classification of {{R}{A}{D}{A}{R}{S}{A}{T}-2} polarimetric data for different land features},
  year          = {2016},
  month         = aug,
  archiveprefix = {arXiv},
  copyright     = {http://creativecommons.org/licenses/by/4.0/},
  primaryclass  = {cs.CV},
}

@article{Decoste2002,
  author    = {Decoste, D. and Sch{\"o}lkopf, B.},
  journal   = {Mach. Learn.},
  title     = {{T}raining {I}nvariant {S}upport {V}ector {M}achines},
  year      = {2002},
  number    = {1/3},
  pages     = {161--190},
  volume    = {46},
  publisher = {Springer Nature},
}

@inproceedings{Maitra2015,
  author     = {Maitra, D. S. and Bhattacharya, U. and Parui, S. K.},
  booktitle  = {2015 13th International Conference on Document Analysis and Recognition ({ICDAR})},
  title      = {{{C}{N}{N}} based common approach to handwritten character recognition of multiple scripts},
  year       = {2015},
  address    = {Tunis, Tunisia},
  month      = aug,
  publisher  = {IEEE},
  conference = {2015 13th International Conference on Document Analysis and Recognition (ICDAR)},
}

@article{Gaonkar2013,
  author    = {Gaonkar, B. and Davatzikos, C.},
  journal   = {Neuroimage},
  title     = {{A}nalytic estimation of statistical significance maps for support vector machine based multi-variate image analysis and classification},
  year      = {2013},
  month     = sep,
  pages     = {270--283},
  volume    = {78},
  publisher = {Elsevier BV},
}

@article{Cuingnet2011,
  author    = {Cuingnet, R. and Rosso, C. and Chupin, M. and Leh{\'e}ricy, S. and Dormont, D. and Benali, H. and Samson, Y. and Colliot, O.},
  journal   = {Med. Image Anal.},
  title     = {{S}patial regularization of {{S}{V}{M}} for the detection of diffusion alterations associated with stroke outcome},
  year      = {2011},
  month     = oct,
  number    = {5},
  pages     = {729--737},
  volume    = {15},
  publisher = {Elsevier BV},
}

@article{Statnikov2006,
  author  = {Statnikov, A. and Hardin, D. and Aliferis, C.},
  journal = {Sign},
  title   = {{U}sing {{S}{V}{M}} {W}eight-{B}ased {M}ethods to {I}dentify {C}ausally {R}elevant and {N}on-{C}ausally {R}elevant {V}ariables},
  year    = {2006},
  month   = jan,
  volume  = {1},
}

@techreport{Hsu2003,
  author    = {Hsu, C. W. and Chang, C. C. and Lin, C. J.},
  title     = {{A} {P}ractical {G}uide to {S}upport {V}ector {C}lassification},
  year      = {2003},
  added-at  = {2008-05-28T19:14:22.000+0200},
  biburl    = {https://www.bibsonomy.org/bibtex/2c04ef97dc3c3de168e684c3e4abe061b/jil},
  interhash = {272d3522c22f3cf354b02c5ce6c4612a},
  intrahash = {c04ef97dc3c3de168e684c3e4abe061b},
  keywords  = {guide libsvm svm tutorial},
  institution = {Department of Computer Science, National Taiwan University},
  timestamp = {2013-11-23T20:11:51.000+0100},
}

@article{Studer2011,
  author    = {Studer, M. and Ritschard, G. and Gabadinho, A. and M{\"u}ller, N. S.},
  journal   = {Sociol. Methods Res.},
  title     = {{D}iscrepancy analysis of state sequences},
  year      = {2011},
  month     = aug,
  number    = {3},
  pages     = {471--510},
  volume    = {40},
  publisher = {SAGE Publications},
}

@article{Wu2008,
  author    = {Wu, X. and Kumar, V. and Quinlan, R. J. and Ghosh, J. and Yang, Q. and Motoda, H. and McLachlan, G. J. and Ng, A. and Liu, B. and Yu, P. S. and Zhou, Z. H. and Steinbach, M. and Hand, D. J. and Steinberg, D.},
  journal   = {Knowl. Inf. Syst.},
  title     = {{T}op 10 algorithms in data mining},
  year      = {2008},
  month     = jan,
  number    = {1},
  pages     = {1--37},
  volume    = {14},
  publisher = {Springer Science and Business Media LLC},
}

@book{Rokach2014,
  author    = {Rokach, L. and Maimon, O.},
  publisher = {World Scientific Publishing Company},
  address = {Singapore},
  title     = {{D}ata mining with decision trees},
  year      = {2014},
  month     = oct,
  series    = {Series in Machine Perception and Artifical Intelligence},
}

@inbook{ShalevShwartz2014,
  author    = {Shalev-Shwartz, S. and Ben-David, S.},
  pages     = {212--218},
  publisher = {Cambridge University Press},
  address   = {Cambridge, England},
  title     = {{D}ecision {T}rees},
  year      = {2014},
  booktitle = {Understanding Machine Learning: From Theory to Algorithms},
  doi       = {10.1017/CBO9781107298019.019},
  place     = {Cambridge},
}

@article{Quinlan1986,
  author    = {Quinlan, J. R.},
  journal   = {Mach. Learn.},
  title     = {{I}nduction of decision trees},
  year      = {1986},
  month     = mar,
  number    = {1},
  pages     = {81--106},
  volume    = {1},
  publisher = {Springer Science and Business Media LLC},
}

@article{Rokach2005,
  author    = {Rokach, L. and Maimon, O.},
  journal   = {IEEE Trans. Syst. Man Cybern. C Appl. Rev.},
  title     = {{T}op-down induction of decision trees classifiers---{A} survey},
  year      = {2005},
  month     = nov,
  number    = {4},
  pages     = {476--487},
  volume    = {35},
  publisher = {Institute of Electrical and Electronics Engineers (IEEE)},
}

@book{Russell1999,
  title={{A}rtificial intelligence: a modern approach},
  author={Russell, S. J. and Norvig, P.},
  year={2016},
  publisher={Pearson},
  address   = {London, England}
}

@article{Hand2001,
  author    = {Hand, D. J. and Yu, K.},
  journal   = {Int. Stat. Rev.},
  title     = {{I}diot's {B}ayes: {N}ot {S}o {S}tupid after {A}ll?},
  year      = {2001},
  month     = dec,
  number    = {3},
  pages     = {385},
  volume    = {69},
  publisher = {JSTOR},
}

@inproceedings{Zhang2004,
  author    = {Zhang, H.},
  booktitle = {Proceedings of the Seventeenth International Florida Artificial Intelligence Research Society Conference, FLAIRS 2004},
  title     = {{T}he {O}ptimality of {N}aive {B}ayes},
  year      = {2004},
  month     = jan,
  volume    = {2},
}

@article{Caruana2006,
  author  = {Caruana, R. and Niculescu-Mizil, A.},
  journal = {Proceedings of the 23rd international conference on Machine learning - ICML '06},
  title   = {{A}n {E}mpirical {C}omparison of {S}upervised {L}earning {A}lgorithms},
  year    = {2006},
  month   = jun,
  pages   = {161--168},
  volume  = {2006},
  doi     = {10.1145/1143844.1143865},
}

@book{Murty2011,
  title={{P}attern recognition: {A}n algorithmic approach},
  author={Murty, M. N. and Devi, V. S.},
  year={2011},
  publisher={Springer Science \& Business Media},
  address = {Berlin/Heidelberg, Germany}
}

@article{Mccallum2001,
  author  = {Mccallum, A. and Nigam, K.},
  journal = {Work Learn Text Categ},
  title   = {{A} {C}omparison of {E}vent {M}odels for {N}aive {B}ayes {T}ext {C}lassification},
  year    = {2001},
  month   = may,
  volume  = {752},
}

@inproceedings{Metsis2006,
  author    = {Metsis, V. and Androutsopoulos, I. and Paliouras, G.},
  booktitle = {In CEAS},
  title     = {{S}pam {F}iltering with {N}aive {B}ayes - {W}hich {N}aive {B}ayes?},
  year      = {2006},
  month     = jan,
}

@article{Piryonesi2020,
  author    = {Piryonesi, S. M. and El-Diraby, T. E.},
  journal   = {J. Transp. Eng. B Pavements},
  title     = {{R}ole of data analytics in infrastructure asset management: {O}vercoming data size and quality problems},
  year      = {2020},
  month     = jun,
  number    = {2},
  pages     = {04020022},
  volume    = {146},
  publisher = {American Society of Civil Engineers (ASCE)},
}

@book{brahme2014comprehensive,
  title={{C}omprehensive biomedical physics},
  author={Brahme, A.},
  year={2014},
  publisher={Newnes},
  address = {8-11 Southampton Street, London}
}

@article{olden2002illuminating,
  title={{I}lluminating the "black box": a randomization approach for understanding variable contributions in artificial neural networks},
  author={Olden, J. D. and Jackson, D. A.},
  journal={Ecological modelling},
  volume={154},
  number={1-2},
  pages={135--150},
  year={2002},
  publisher={Elsevier}
}

@article{ozesmi1999artificial,
  title={{A}n artificial neural network approach to spatial habitat modelling with interspecific interaction},
  author={{\"O}zesmi, S. L. and {\"O}zesmi, U.},
  journal={Ecological modelling},
  volume={116},
  number={1},
  pages={15--31},
  year={1999},
  publisher={Elsevier}
}

@book{bishop2006pattern,
  publisher={Springer},
  address={Berlin/Heidelberg, Germany},
  author = {Bishop, C.},
  year = {2006},
  title = {{P}attern {R}ecognition and {M}achine {L}earning}
}

@book{vapnik2013nature,
  title={{T}he nature of statistical learning theory},
  author={Vapnik, V.},
  year={2013},
  publisher={Springer science \& business media},
  address={Berlin/Heidelberg, Germany}
}

@article{probst2019tunability,
  title={{T}unability: {I}mportance of hyperparameters of machine learning algorithms},
  author={Probst, P. and Boulesteix, A. L. and Bischl, B.},
  journal={Journal of Machine Learning Research},
  volume={20},
  number={53},
  pages={1--32},
  year={2019}
}

@article{zoph2016neural,
  title={{N}eural architecture search with reinforcement learning},
  author={Zoph, B.},
  journal={arXiv preprint arXiv:1611.01578},
  year={2016}
}

@inproceedings{jin2019auto,
  title={{A}uto-keras: {A}n efficient neural architecture search system},
  author={Jin, H. and Song, Q. and Hu, X.},
  booktitle={Proceedings of the 25th ACM SIGKDD international conference on knowledge discovery \& data mining},
  pages={1946--1956},
  year={2019}
}

@article{claesen2015hyperparameter,
  title={{H}yperparameter search in machine learning},
  author={Claesen, M. and De Moor, B.},
  journal={arXiv preprint arXiv:1502.02127},
  year={2015}
}

@book{liu2020python,
  title={{P}ython {M}achine {L}earning by {E}xample: {B}uild {I}ntelligent {S}ystems {U}sing {P}ython, {T}ensor{F}low 2, {P}y{T}orch, and {S}cikit-{L}earn},
  author={Liu, Y. H.},
  year={2020},
  publisher={Packt Publishing Ltd},
  address={Birmingham, United Kingdom}
}

@article{wold2001pls,
  title={{P}{L}{S}-regression: a basic tool of chemometrics},
  author={Wold, S. and Sj{\"o}str{\"o}m, M. and Eriksson, L.},
  journal={Chemometrics and intelligent laboratory systems},
  volume={58},
  number={2},
  pages={109--130},
  year={2001},
  publisher={Elsevier}
}

@article{abdi2010partial,
  title={{P}artial least squares regression and projection on latent structure regression ({P}{L}{S} {R}egression)},
  author={Abdi, H.},
  journal={Wiley interdisciplinary reviews: computational statistics},
  volume={2},
  number={1},
  pages={97--106},
  year={2010},
  publisher={Wiley Online Library}
}

@article{saebo2008lpls,
  title={{L}{P}{L}{S}-regression: a method for prediction and classification under the influence of background information on predictor variables},
  author={S{\ae}b{\o}, S. and Alm{\o}y, T. and Flatberg, A. and Aastveit, A. H. and Martens, H.},
  journal={Chemometrics and Intelligent Laboratory Systems},
  volume={91},
  number={2},
  pages={121--132},
  year={2008},
  publisher={Elsevier}
}

@article{lindgren1993kernel,
  title={{T}he kernel algorithm for {P}{L}{S}},
  author={Lindgren, F. and Geladi, P. and Wold, S.},
  journal={Journal of Chemometrics},
  volume={7},
  number={1},
  pages={45--59},
  year={1993},
  publisher={Wiley Online Library}
}

@article{de1994comments,
  title={{C}omments on the {P}{L}{S} kernel algorithm},
  author={De Jong, S. and Ter Braak, C. J. F.},
  journal={Journal of chemometrics},
  volume={8},
  number={2},
  pages={169--174},
  year={1994},
  publisher={Wiley Online Library}
}

@article{dayal1997improved,
  title={{I}mproved {P}{L}{S} algorithms},
  author={Dayal, B. S. and MacGregor, J. F.},
  journal={Journal of Chemometrics: A Journal of the Chemometrics Society},
  volume={11},
  number={1},
  pages={73--85},
  year={1997},
  publisher={Wiley Online Library}
}

@article{de1993simpls,
  title={{S}{I}{M}{P}{L}{S}: an alternative approach to partial least squares regression},
  author={De Jong, S.},
  journal={Chemometrics and intelligent laboratory systems},
  volume={18},
  number={3},
  pages={251--263},
  year={1993},
  publisher={Elsevier}
}

@article{rannar1994pls,
  title={{A} {P}{L}{S} kernel algorithm for data sets with many variables and fewer objects. {P}art 1: {T}heory and algorithm},
  author={R{\"a}nnar, S. and Lindgren, F. and Geladi, P. and Wold, S.},
  journal={Journal of Chemometrics},
  volume={8},
  number={2},
  pages={111--125},
  year={1994},
  publisher={Wiley Online Library}
}

@inproceedings{takane2016pls,
  title={{O}n the {P}{L}{S} algorithm for multiple regression ({P}{L}{S}1)},
  author={Takane, Y. and Loisel, S.},
  booktitle={The Multiple Facets of Partial Least Squares and Related Methods: PLS, Paris, France, 2014 8},
  pages={17--28},
  year={2016},
  organization={Springer}
}

@article{hoskuldsson1988pls,
  title={{P}{L}{S} regression methods},
  author={H{\"o}skuldsson, A.},
  journal={Journal of chemometrics},
  volume={2},
  number={3},
  pages={211--228},
  year={1988},
  publisher={Wiley Online Library}
}

@article{hastie1995penalized,
  title={{P}enalized discriminant analysis},
  author={Hastie, T. and Buja, A. and Tibshirani, R.},
  journal={The Annals of Statistics},
  volume={23},
  number={1},
  pages={73--102},
  year={1995},
  publisher={Institute of Mathematical Statistics}
}

@book{HastieTibshirani2009,
  title={{T}he elements of statistical learning: data mining, inference, and prediction},
  author={Hastie, T. and Tibshirani, R. and Friedman, J. H. and Friedman, J. H.},
  volume={2},
  year={2009},
  publisher={Springer},
  address={Berlin/Heidelberg, Germany}
}

@article{hastie1994flexible,
  title={{F}lexible discriminant analysis by optimal scoring},
  author={Hastie, T. and Tibshirani, R. and Buja, A.},
  journal={Journal of the American statistical association},
  volume={89},
  number={428},
  pages={1255--1270},
  year={1994},
  publisher={Taylor \& Francis}
}

@article{reynes2006choice,
  title={{C}hoice of {B}-splines with free parameters in the flexible discriminant analysis context},
  author={Reyn{\`e}s, C. and Sabatier, R. and Molinari, N.},
  journal={Computational statistics \& data analysis},
  volume={51},
  number={3},
  pages={1765--1778},
  year={2006},
  publisher={Elsevier}
}

@article{phillips2017applying,
  title={{A}pplying species distribution modelling to a data poor, pelagic fish complex: the ocean sunfishes},
  author={Phillips, N. D. and Reid, N. and Thys, T. and Harrod, C. and Payne, N. L. and Morgan, C. A. and White, H. J. and Porter, S. and Houghton, J. D. R.},
  journal={Journal of biogeography},
  volume={44},
  number={10},
  pages={2176--2187},
  year={2017},
  publisher={Wiley Online Library}
}

@article{hallgren2019species,
  title={{S}pecies distribution models can be highly sensitive to algorithm configuration},
  author={Hallgren, W. and Santana, F. and Low-Choy, S. and Zhao, Y. and Mackey, B.},
  journal={Ecological Modelling},
  volume={408},
  pages={108719},
  year={2019},
  publisher={Elsevier}
}

@article{thuiller2016ensemble,
  title={{E}nsemble platform for species distribution modeling},
  author={Thuiller, W. and Georges, D. and Engler, R. and Breiner, F.},
  journal={R Package Version},
  pages={3--1},
  year={2016}
}

@article{quillfeldt2017influence,
  title={{I}nfluence of device accuracy and choice of algorithm for species distribution modelling of seabirds: a case study using black-browed albatrosses},
  author={Quillfeldt, P. and Engler, J. O. and Silk, J. R. D. and Phillips, R. A.},
  journal={Journal of Avian Biology},
  volume={48},
  number={12},
  pages={1549--1555},
  year={2017},
  publisher={Wiley Online Library}
}

@article{zhang2019using,
  title={{U}sing species distribution model to predict the impact of climate change on the potential distribution of {J}apanese whiting {S}illago japonica},
  author={Zhang, Z. and Xu, S. and Capinha, C. and Weterings, R. and Gao, T.},
  journal={Ecological Indicators},
  volume={104},
  pages={333--340},
  year={2019},
  publisher={Elsevier}
}

@book{cohen2013applied,
  title={{A}pplied multiple regression/correlation analysis for the behavioral sciences},
  author={Cohen, J. and Cohen, P. and West, S. G. and Aiken, L. S.},
  year={2013},
  publisher={Routledge},
  address={Milton Park, Abingdon-on-Thames, Oxfordshire, England, UK}
}

@article{fisher1936use,
  title={{T}he use of multiple measurements in taxonomic problems},
  author={Fisher, R. A.},
  journal={Annals of eugenics},
  volume={7},
  number={2},
  pages={179--188},
  year={1936},
  publisher={Wiley Online Library}
}

@book{mclachlan2005discriminant,
  title={{D}iscriminant analysis and statistical pattern recognition},
  author={McLachlan, G. J.},
  year={2005},
  publisher={John Wiley \& Sons},
  address={Hoboken, New Jersey, U.S.}
}

@book{wetcher2011analyzing,
  title={{A}nalyzing quantitative data: {A}n introduction for social researchers},
  author={Wetcher-Hendricks, D.},
  year={2011},
  publisher={John Wiley \& Sons},
  address={Hoboken, New Jersey, U.S.}
}

@article{martinez2001pca,
  title={{P}{C}{A} versus {L}{D}{A}},
  author={Martinez, A. M. and Kak, A. C.},
  journal={IEEE transactions on pattern analysis and machine intelligence},
  volume={23},
  number={2},
  pages={228--233},
  year={2001},
  publisher={IEEE}
}

@article{perriere2003use,
  title={{U}se of correspondence discriminant analysis to predict the subcellular location of bacterial proteins},
  author={Perriere, G. and Thioulouse, J.},
  journal={Computer Methods and Programs in Biomedicine},
  volume={70},
  number={2},
  pages={99--105},
  year={2003},
  publisher={Elsevier}
}

@article{cokluk2008discriminant,
  title={{D}iscriminant function analysis: concept and application},
  author={Cokluk, B. and Buyukozturk, S.},
  journal={E{\u{g}}itim ara{\c{s}}t{\i}rmalar{\i} dergisi},
  volume={33},
  pages={73--92},
  year={2008}
}

@book{venables2013modern,
  title={{M}odern applied statistics with {S}-{P}{L}{U}{S}},
  author={Venables, W. N. and Ripley, B. D.},
  year={2013},
  publisher={Springer Science \& Business Media},
  address={Berlin/Heidelberg, Germany}
}

@article{lachenbruch1979discriminant,
  title={{D}iscriminant analysis},
  author={Lachenbruch, P. A. and Goldstein, M.},
  journal={Biometrics},
  pages={69--85},
  year={1979},
  publisher={JSTOR}
}

@book{klecka1980discriminant,
  title={{D}iscriminant analysis},
  author={Klecka, W. R.},
  year={1980},
  publisher={Sage},
  address={London, United Kingdom}
}

@book{Hardle2003AppliedMS,
  title={{A}pplied multivariate statistical analysis},
  author={H{\"a}rdle, W. K.},
  year={2003},
  publisher={Springer Nature},
  address={Berlin, Germany}
}

@article{israel2006performance,
  title={{P}erformance metrics: how and when},
  author={Israel, S. A.},
  journal={Geocarto International},
  volume={21},
  number={2},
  pages={23--32},
  year={2006},
  publisher={Taylor \& Francis}
}

@article{rao1948utilization,
  title={{T}he utilization of multiple measurements in problems of biological classification},
  author={Rao, C. R.},
  journal={Journal of the Royal Statistical Society. Series B (Methodological)},
  volume={10},
  number={2},
  pages={159--203},
  year={1948},
  publisher={JSTOR}
}

@book{ripley2007pattern,
  title={{P}attern recognition and neural networks},
  author={Ripley, B. D.},
  year={2007},
  publisher={Cambridge university press},
  address={Cambridge, United Kingdom}
}

@article{jolliffe2016principal,
  title={{P}rincipal component analysis: a review and recent developments},
  author={Jolliffe, I. T. and Cadima, J.},
  journal={Philosophical transactions of the royal society A: Mathematical, Physical and Engineering Sciences},
  volume={374},
  number={2065},
  pages={20150202},
  year={2016},
  publisher={the Royal Society publishing}
}

@article{barnett1987origins,
  title={{O}rigins and levels of monthly and seasonal forecast skill for {U}nited {S}tates surface air temperatures determined by canonical correlation analysis},
  author={Barnett, T. P. and Preisendorfer, R.},
  journal={Monthly Weather Review},
  volume={115},
  number={9},
  pages={1825--1850},
  year={1987},
  publisher={American Meteorological Society}
}

@article{hsu2012spectral,
  title={{A} spectral algorithm for learning hidden {M}arkov models},
  author={Hsu, D. and Kakade, S. M. and Zhang, T.},
  journal={Journal of Computer and System Sciences},
  volume={78},
  number={5},
  pages={1460--1480},
  year={2012},
  publisher={Elsevier}
}

@article{markopoulos2017efficient,
  title={{E}fficient {L}1-norm principal-component analysis via bit flipping},
  author={Markopoulos, P. P. and Kundu, S. and Chamadia, S. and Pados, D. A.},
  journal={IEEE Transactions on Signal Processing},
  volume={65},
  number={16},
  pages={4252--4264},
  year={2017},
  publisher={IEEE}
}

@article{chachlakis2019l1,
  title={{L}1-norm {T}ucker tensor decomposition},
  author={Chachlakis, D. G. and Prater-Bennette, A. and Markopoulos, P. P.},
  journal={IEEE Access},
  volume={7},
  pages={178454--178465},
  year={2019},
  publisher={IEEE}
}

@article{markopoulos2014optimal,
  title={{O}ptimal algorithms for {L}1-subspace signal processing},
  author={Markopoulos, P. P. and Karystinos, G. N. and Pados, D. A.},
  journal={IEEE Transactions on Signal Processing},
  volume={62},
  number={19},
  pages={5046--5058},
  year={2014},
  publisher={IEEE}
}

@article{zhan2015robust,
  title={{R}obust {P}{C}{A} with partial subspace knowledge},
  author={Zhan, J. and Vaswani, N.},
  journal={IEEE Transactions on Signal Processing},
  volume={63},
  number={13},
  pages={3332--3347},
  year={2015},
  publisher={IEEE}
}

@inproceedings{ke2005robust,
  title={{R}obust l/sub 1/norm factorization in the presence of outliers and missing data by alternative convex programming},
  author={Ke, Q. and Kanade, T.},
  booktitle={2005 IEEE Computer Society Conference on Computer Vision and Pattern Recognition (CVPR'05)},
  volume={1},
  pages={739--746},
  year={2005},
  organization={IEEE}
}

@article{pearson1901liii,
  title={{L}{I}{I}{I}. {O}n lines and planes of closest fit to systems of points in space},
  author={Pearson, K.},
  journal={The London, Edinburgh, and Dublin philosophical magazine and journal of science},
  volume={2},
  number={11},
  pages={559--572},
  year={1901},
  publisher={Taylor \& Francis}
}

@book{stewart2019introduction,
  title={{I}ntroduction to linear algebra},
  author={Stewart, F. M.},
  year={2019},
  publisher={Courier Dover Publications},
  address={Mineola, New York, USA}
}

@article{hotelling1933analysis,
  title={{A}nalysis of a complex of statistical variables into principal components.},
  author={Hotelling, H.},
  journal={Journal of educational psychology},
  volume={24},
  number={6},
  pages={417},
  year={1933},
  publisher={Warwick \& York}
}

@incollection{hotelling1992relations,
  title={{R}elations between two sets of variates},
  author={Hotelling, H.},
  booktitle={Breakthroughs in statistics: methodology and distribution},
  pages={162--190},
  year={1992},
  publisher={Springer},
  address={Berlin/Heidelberg, Germany}
}

@article{berkooz1993proper,
  title={{T}he proper orthogonal decomposition in the analysis of turbulent flows},
  author={Berkooz, G. and Holmes, P. and Lumley, J. L.},
  journal={Annual review of fluid mechanics},
  volume={25},
  number={1},
  pages={539--575},
  year={1993},
  publisher={Annual Reviews 4139 El Camino Way, PO Box 10139, Palo Alto, CA 94303-0139, USA}
}

@inproceedings{karhunen1946spektraltheorie,
  title={{Z}ur spektraltheorie stochasticher},
  author={Karhunen, K.},
  booktitle={Annales Academiae Scientiarum Fennicae Series A},
  volume={1},
  pages={34},
  year={1946}
}

@book{loeve1977elementary,
  title={{E}lementary probability theory},
  author={Lo{\`e}ve, M.},
  year={1977},
  publisher={Springer},
  address={Berlin/Heidelberg, Germany}
}

@article{sirovich1987turbulence,
  title={{T}urbulence and the dynamics of coherent structures. {I}. {C}oherent structures},
  author={Sirovich, L.},
  journal={Quarterly of applied mathematics},
  volume={45},
  number={3},
  pages={561--571},
  year={1987}
}

@article{sapatnekar2011overcoming,
  title={{O}vercoming variations in nanometer-scale technologies},
  author={Sapatnekar, S. S.},
  journal={IEEE Journal on Emerging and Selected Topics in Circuits and Systems},
  volume={1},
  number={1},
  pages={5--18},
  year={2011},
  publisher={IEEE}
}

@inproceedings{ghoman2012pod,
  title={{A} {P}{O}{D}-based reduced order design scheme for shape optimization of air vehicles},
  author={Ghoman, S. and Wang, Z. and Chen, P. and Kapania, R.},
  booktitle={53rd AIAA/ASME/ASCE/AHS/ASC Structures, Structural Dynamics and Materials Conference 20th AIAA/ASME/AHS Adaptive Structures Conference 14th AIAA},
  pages={1808},
  year={2012}
}

@phdthesis{giambartolomei2016,
	author = {Giambartolomei, G.},
	title = {{T}he {K}arhunen-{L}o{\`e}ve theorem},
	school = {University of Bologna},
	year = {2016},
	url = {http://amslaurea.unibo.it/10169/}
}

@book{mallat1999wavelet,
  title={{A} wavelet tour of signal processing},
  author={Mallat, S.},
  year={1999},
  publisher={Academic Press},
  address={Cambridge, Massachusetts}
}

@article{tang1998texture,
  title={{T}exture information in run-length matrices},
  author={Tang, X.},
  journal={IEEE transactions on image processing},
  volume={7},
  number={11},
  pages={1602--1609},
  year={1998},
  publisher={IEEE}
}

@article{stewart1993early,
  title={{O}n the early history of the singular value decomposition},
  author={Stewart, G. W.},
  journal={SIAM review},
  volume={35},
  number={4},
  pages={551--566},
  year={1993},
  publisher={SIAM}
}

@article{gloub1996matrix,
  title={{M}atrix computations},
  author={Gloub, G. H. and Van Loan, C. F.},
  journal={Johns Hopkins Universtiy Press, 3rd edtion},
  year={1996}
}

@inproceedings{hayden2002observations,
  title={{O}bservations on the relationship between eigenvalues, instrument noise, and detection performance},
  author={Hayden, A. F. and Twede, D. R.},
  booktitle={Imaging Spectrometry VIII},
  volume={4816},
  pages={355--362},
  year={2002},
  organization={SPIE}
}

@book{lorenz1956empirical,
  title={{E}mpirical orthogonal functions and statistical weather prediction},
  author={Lorenz, E. N.},
  volume={1},
  year={1956},
  publisher={Massachusetts Institute of Technology, Department of Meteorology Cambridge},
  address={Cambridge, Massachusetts}
}

@article{eckart1936approximation,
  title={{T}he approximation of one matrix by another of lower rank},
  author={Eckart, C. and Young, G.},
  journal={Psychometrika},
  volume={1},
  number={3},
  pages={211--218},
  year={1936},
  publisher={Springer}
}

@book{dove1993introduction,
  title={{I}ntroduction to lattice dynamics},
  author={Dove, M. T.},
  year={1993},
  publisher={Cambridge university press},
  address={Cambridge, United Kingdom}
}

@article{bengio2013representation,
  title={{R}epresentation learning: {A} review and new perspectives},
  author={Bengio, Y. and Courville, A. and Vincent, P.},
  journal={IEEE transactions on pattern analysis and machine intelligence},
  volume={35},
  number={8},
  pages={1798--1828},
  year={2013},
  publisher={IEEE}
}

@article{forkman2019hypothesis,
  title={{H}ypothesis tests for principal component analysis when variables are standardized},
  author={Forkman, J. and Josse, J. and Piepho, H. P.},
  journal={Journal of Agricultural, Biological and Environmental Statistics},
  volume={24},
  pages={289--308},
  year={2019},
  publisher={Springer}
}

@article{tobiska1996current,
  title={{C}urrent status of solar {E}{U}{V} measurements and modeling},
  author={Tobiska, W. K.},
  journal={Advances in Space Research},
  volume={18},
  number={3},
  pages={3--10},
  year={1996},
  publisher={Elsevier}
}

@article{lanyi1988comparison,
  title={{A} comparison of mapped and measured total ionospheric electron content using global positioning system and beacon satellite observations},
  author={Lanyi, G. E. and Roth, T.},
  journal={Radio science},
  volume={23},
  number={4},
  pages={483--492},
  year={1988},
  publisher={AGU}
}

@article{rishbeth1969introduction,
  title={{I}ntroduction to ionospheric physics},
  author={Rishbeth, H. and Garriott, O. K.},
  journal={Introduction to ionospheric physics},
  year={1969}
}

@book{ratcliffe1972introduction,
  title={{A}n introduction to ionosphere and magnetosphere},
  author={Ratcliffe, J. A.},
  year={1972},
  publisher={CUP Archive},
  address={Cambridge, United Kingdom}
}

@inproceedings{klobuchar1986design,
  title={{D}esign and characteristics of the {G}{P}{S} ionospheric time delay algorithm for single frequency users},
  author={Klobuchar, J. A.},
  booktitle={PLANS 1986-Position Location and Navigation Symposium},
  pages={280--286},
  year={1986}
}

@book{zolesi2014ionospheric,
  title={{I}onospheric prediction and forecasting},
  author={Zolesi, B. and Cander, Lj. R.},
  year={2014},
  publisher={Springer},
  address={Berlin/Heidelberg, Germany}
}

@article{komjathy2023global,
  title={{G}lobal ionospheric total electron content mapping using the {G}lobal {P}ositioning {S}ystem},
  author={Komjathy, A.},
  year={2023}
}

@article{wild1994ionosphere,
  title={{I}onosphere and geodetic satellite systems: permanent {G}{P}{S} tracking data for modelling and monitoring.},
  author={Wild, U.},
  journal={Geod{\"a}tisch-geophysikalische Arbeiten in der Schweiz},
  volume={48},
  year={1994}
}

@article{hawarey2010uzay,
  title={{U}zay meki{\u{g}}i t{\i}rman{\i}{\c{s}}{\i}, deprem, ve f{\"u}ze f{\i}rlat{\i}l{\i}{\c{s}}{\i}ndan kaynaklanan {T}{E}{C} de{\u{g}}i{\c{s}}imlerinin {G}{P}{S} ile belirlenmesi},
  author={Hawarey, M. and Ayan, T.},
  journal={{\.I}T{\"U}DERG{\.I}S{\.I}/d},
  volume={3},
  number={2-3-4-5},
  year={2010}
}

@book{kotz2005encyclopedia,
  title={{E}ncyclopedia of {S}tatistical {S}ciences, {V}olume 1},
  author={Kotz, S. and Balakrishnan, N. and Read, C. B. and Vidakovic, B. and Johnson, N. L.},
  year={2005},
  publisher={John Wiley \& Sons},
  address={Hoboken, New Jersey, U.S.}
}

@article{vellinov1992ionospheric,
  title={{I}onospheric effects of lightning during the increasing part of solar cycle 22},
  author={Vellinov, P. I. and Spassov, C. W. and Kolev, S. I.},
  journal={Journal of atmospheric and terrestrial physics},
  volume={54},
  number={10},
  pages={1347--1353},
  year={1992},
  publisher={Elsevier}
}

@article{liu20142013,
  title={{T}he 2013 {L}ushan earthquake in {C}hina tests hazard assessments},
  author={Liu, M. and Luo, G. and Wang, H.},
  journal={Seismological Research Letters},
  volume={85},
  number={1},
  pages={40--43},
  year={2014},
  publisher={Citeseer}
}

@inproceedings{ulukavak2018analysis,
  title={{A}nalysis of ionospheric anomalies due to space weather conditions by using {G}{P}{S}-{T}{E}{C} variations},
  author={Ulukavak, M. and Yalcinkaya, M.},
  booktitle={FIG Congress},
  pages={6--11},
  year={2018}
}

@incollection{schwenn2001solar,
  title={{S}olar wind: {G}lobal properties},
  author={Schwenn, R.},
  booktitle={Encyclopedia of Astronomy \& Astrophysics},
  pages={1--9},
  year={2001},
  publisher={CRC Press}
}

@phdthesis{melnikov1990relationships,
  title={{R}elationships between {M}icrowave, {H}ard {X} ray, and {C}orpuscular {E}missions of {S}olar {F}lares},
  author={Melnikov, V. F.},
  year={1990},
  school={Ph. D. Thesis, Radiophysical Research Institute, Nizhniy Novgorod, Russia}
}

@article{harden2005solar,
  title={{S}olar {A}ctivity \& {H}{F} {P}ropagation},
  author={Harden, P.},
  journal={QRP Amateur Radio Club International},
  year={2005}
}

@article{gonzalez1994geomagnetic,
  title={{W}hat is a geomagnetic storm?},
  author={Gonzalez, W. D. and Joselyn, J. A. and Kamide, Y. and Kroehl, H. W. and Rostoker, G. and Tsurutani, B. T. and Vasyliunas, V. M.},
  journal={Journal of Geophysical Research: Space Physics},
  volume={99},
  number={A4},
  pages={5771--5792},
  year={1994},
  publisher={Wiley Online Library}
}

@book{aschwanden2006physics,
  title={{P}hysics of the solar corona: an introduction with problems and solutions},
  author={Aschwanden, M.},
  year={2006},
  publisher={Springer Science \& Business Media},
  address={Berlin/Heidelberg, Germany}
}

@phdthesis{abraha2014total,
  title={{T}otal electron content ({T}{E}{C}) variability of low latitude ionosphere and role of dynamical coupling: quiet and storm-time characteristics},
  author={Abraha, G.},
  year={2014},
  school={Addis Ababa University}
}

@article{turunen1980examples,
  title={{E}xamples of the influence of strong magnetic storms on the equatorial {F}-layer},
  author={Turunen, T. and Rao, M. M.},
  journal={Journal of Atmospheric and Terrestrial Physics},
  volume={42},
  number={4},
  pages={323--330},
  year={1980},
  publisher={Elsevier}
}

@article{adeniyi1986magnetic,
  title={{M}agnetic storm effects on the morphology of the equatorial {F}2-layer},
  author={Adeniyi, J. O.},
  journal={Journal of atmospheric and terrestrial physics},
  volume={48},
  number={8},
  pages={695--702},
  year={1986},
  publisher={Elsevier}
}

@article{de2007ionosphere,
  title={{I}onosphere properties and behaviors},
  author={De Canck, M. H.},
  journal={Antennex},
  volume={119},
  pages={6--7},
  year={2007}
}

@article{Myint2022,
title = {{A}nalysis of local geomagnetic index under the influence of equatorial electrojet ({E}{E}{J}) at the equatorial {P}huket geomagnetic station in {T}hailand},
journal = {Advances in Space Research},
volume = {70},
number = {5},
pages = {1429--1440},
year = {2022},
issn = {0273-1177},
doi = {https://doi.org/10.1016/j.asr.2022.06.024},
url = {https://www.sciencedirect.com/science/article/pii/S0273117722004963},
author = {Myint, L. M. M. and Hozumi, K. and Saito, S. and Supnithi, P.},
publisher={Elsevier}
}

@book{prolss2012physics,
  title={{P}hysics of the {E}arth’s space environment: an introduction},
  author={Pr{\"o}lss, G.},
  year={2012},
  publisher={Springer Science \& Business Media},
  address={Berlin/Heidelberg, Germany}
}

@article{liu2009seismoionospheric,
  title={{S}eismoionospheric {G}{P}{S} total electron content anomalies observed before the 12 {M}ay 2008 {M}w7. 9 {W}enchuan earthquake},
  author={Liu, J. Y. and Chen, Y. I. and Chen, C. H. and Liu, C. Y. and Chen, C. Y. and Nishihashi, M. and Li, J. Z. and Xia, Y. Q. and Oyama, K. I. and Hattori, K. and Lin, C. H.},
  journal={Journal of Geophysical Research: Space Physics},
  volume={114},
  number={A4},
  year={2009},
  publisher={Wiley Online Library}
}

@article{durmaz2015regional,
  title={{R}egional vertical total electron content ({V}{T}{E}{C}) modeling together with satellite and receiver differential code biases ({D}{C}{B}s) using semi-parametric multivariate adaptive regression {B}-splines ({S}{P}-{B}{M}{A}{R}{S})},
  author={Durmaz, M. and Karslioglu, M. O.},
  journal={Journal of Geodesy},
  volume={89},
  pages={347--360},
  year={2015},
  publisher={Springer}
}

@article{jin2012m_dcb,
  title={{M}\_{D}{C}{B}: {M}atlab code for estimating {G}{N}{S}{S} satellite and receiver differential code biases},
  author={Jin, R. and Jin, S. and Feng, G.},
  journal={GPS solutions},
  volume={16},
  number={4},
  pages={541--548},
  year={2012},
  publisher={Springer}
}

@book{schaer1999mapping,
  title={{M}apping and predicting the {E}arth's ionosphere using the {G}lobal {P}ositioning {S}ystem},
  author={Schaer, S.},
  volume={59},
  year={1999},
  publisher={Institut f{\"u}r Geod{\"a}sie und Photogrammetrie, Eidg. Technische Hochschule},
address={Z{\"u}rich}
}

@article{enge1994global,
  title={{T}he global positioning system: {S}ignals, measurements, and performance},
  author={Enge, P. K.},
  journal={International Journal of Wireless Information Networks},
  volume={1},
  pages={83--105},
  year={1994},
  publisher={Springer}
}

@article{klobuchar1987ionospheric,
  title={{I}onospheric time-delay algorithm for single-frequency {G}{P}{S} users},
  author={Klobuchar, J. A.},
  journal={IEEE Transactions on aerospace and electronic systems},
  pages={325--331},
  year={1987},
  publisher={IEEE}
}

@article{Pradipta2015,
  title={{A}n effective {T}{E}{C} data detrending method for the study of equatorial plasma bubbles and traveling ionospheric disturbances},
  author={Pradipta, R. and Valladares, C. E. and Doherty, P. H.},
  journal={Journal of Geophysical Research: Space Physics},
  volume={120},
  number={12},
  pages={11--048},
  year={2015},
  publisher={Wiley Online Library}
}

@inproceedings{Pradipta2019,
  title={{C}omparison between 2-{D} {G}{P}{S} d{T}{E}{C} {D}ata {M}aps and {D}igisonde {O}bservations over the {S}outh {A}merican and {A}tlantic {R}egions},
  author={Pradipta, R. and Doherty, P. H.},
  booktitle={2019 URSI Asia-Pacific Radio Science Conference (AP-RASC)},
  pages={1--1},
  year={2019},
  organization={IEEE}
}

@article{loewe1997classification,
  title={{C}lassification and mean behavior of magnetic storms},
  author={Loewe, C. A. and Pr{\"o}lss, G. W.},
  journal={Journal of Geophysical Research: Space Physics},
  volume={102},
  number={A7},
  pages={14209--14213},
  year={1997},
  publisher={Wiley Online Library}
}

@article{kamide1998two,
  title={{T}wo-step development of geomagnetic storms},
  author={Kamide, Y. and Yokoyama, N. and Gonzalez, W. and Tsurutani, B. T. and Daglis, I. A. and Brekke, A. and Masuda, S.},
  journal={Journal of Geophysical Research: Space Physics},
  volume={103},
  number={A4},
  pages={6917--6921},
  year={1998},
  publisher={Wiley Online Library}
}

@article{rozhnoi2004middle,
  title={{M}iddle latitude {L}{F} (40 k{H}z) phase variations associated with earthquakes for quiet and disturbed geomagnetic conditions},
  author={Rozhnoi, A. and Solovieva, M. S. and Molchanov, O. A. and Hayakawa, M.},
  journal={Physics and Chemistry of the Earth, Parts A/B/C},
  volume={29},
  number={4-9},
  pages={589--598},
  year={2004},
  publisher={Elsevier}
}

@article{contadakis2012total,
  title={{T}otal electron content variations over southern {E}urope before and during the {M} 6.3 {A}bruzzo earthquake of {A}pril 6, 2009},
  author={Contadakis, M. E. and Arabelos, D. N. and Pikridas, C. and Spatalas, S. D.},
  journal={Annals of geophysics},
  volume={55},
  number={1},
  year={2012}
}

@article{Fan2008,
  author  = {Fan, R. E. and Chang, K. W. and Hsieh, C. J. and Wang, X. R. and Lin, C. J.},
  journal = {Journal of Machine Learning Research},
  title   = {{{L}{I}{B}{L}{I}{N}{E}{A}{R}}: a library for large linear classification},
  year    = {2008},
  month   = aug,
  pages   = {1871--1874},
  volume  = {9},
  doi     = {10.1145/1390681.1442794},
}

@article{Mohamad2013,
  author    = {Mohamad, I. B. and Usman, D.},
  journal   = {Research Journal of Applied Sciences, Engineering and Technology},
  title     = {{S}tandardization and its effects on {K}-means clustering algorithm},
  year      = {2013},
  month     = sep,
  number    = {17},
  pages     = {3299--3303},
  volume    = {6},
  publisher = {Maxwell Scientific Publication Corp.},
}

@article{Fennell2019,
  author    = {Fennell, P. G. and Zuo, Z. and Lerman, K.},
  journal   = {EPJ Data Sci.},
  title     = {{P}redicting and explaining behavioral data with structured feature space decomposition},
  year      = {2019},
  month     = dec,
  number    = {1},
  volume    = {8},
  copyright = {https://creativecommons.org/licenses/by/4.0},
  publisher = {Springer Science and Business Media LLC},
}

@book{hyndman2018forecasting,
  title={{F}orecasting: principles and practice},
  author={Hyndman, R. J.},
  year={2018},
  publisher={OTexts},
  address={Melbourne, Australia}
}

@article{kuhn2008building,
  title={{B}uilding predictive models in {R} using the caret package},
  author={Kuhn, M.},
  journal={Journal of statistical software},
  volume={28},
  pages={1--26},
  year={2008}
}

@article{altman1994diagnostic1,
  title={{D}iagnostic tests. 1: {S}ensitivity and specificity.},
  author={Altman, D. G. and Bland, J. M.},
  journal={BMJ: British Medical Journal},
  volume={308},
  number={6943},
  pages={1552},
  year={1994},
  publisher={BMJ Publishing Group}
}

@article{altman1994diagnostic2,
  title={{D}iagnostic test 2: predictive values},
  author={Altman, D. G. and Bland, J. M.},
  journal={BMJ: British Medical Journal},
  volume={309},
  pages={102},
  year={1994},
  publisher={BMJ Publishing Group}
}

@article{velez2007balanced,
  title={{A} balanced accuracy function for epistasis modeling in imbalanced datasets using multifactor dimensionality reduction},
  author={Velez, D. R. and White, B. C. and Motsinger, Alison A. and Bush, W. S. and Ritchie, M. D. and Williams, S. M. and Moore, J. H.},
  journal={Genetic Epidemiology: the Official Publication of the International Genetic Epidemiology Society},
  volume={31},
  number={4},
  pages={306--315},
  year={2007},
  publisher={Wiley Online Library}
}

@article{clopper1934use,
  title={{T}he use of confidence or fiducial limits illustrated in the case of the binomial},
  author={Clopper, C. J. and Pearson, E. S.},
  journal={Biometrika},
  volume={26},
  number={4},
  pages={404--413},
  year={1934},
  publisher={JSTOR}
}

@book{conover1999practical,
  title={{P}ractical nonparametric statistics},
  author={Conover, W. J.},
  year={1999},
  publisher={John Wiley \& Sons, Inc},
  address={Hoboken, New Jersey, U.S.}
}

@book{hollander2013nonparametric,
  title={{N}onparametric statistical methods},
  author={Hollander, M.},
  year={2013},
  publisher={John Wiley \& Sons Inc},
  address={Hoboken, New Jersey, U.S.}
}

@book{howell1992statistical,
  title={{S}tatistical methods for psychology, {S}eventh {E}dition},
  author={Howell, D. C.},
  year={2009},
  publisher={Cengage Wadsworth},
  address={Belmont, California},
}

@article{mchugh2012interrater,
  title={{I}nterrater reliability: the kappa statistic},
  author={McHugh, M. L.},
  journal={Biochemia medica},
  volume={22},
  number={3},
  pages={276--282},
  year={2012},
  publisher={Medicinska naklada}
}

@article{pontius2011death,
  title={{D}eath to {K}appa: birth of quantity disagreement and allocation disagreement for accuracy assessment},
  author={Pontius Jr, R. G. and Millones, M.},
  journal={International journal of remote sensing},
  volume={32},
  number={15},
  pages={4407--4429},
  year={2011},
  publisher={Taylor \& Francis}
}

@book{galton1892finger,
  title={{F}inger prints},
  author={Galton, F.},
  year={1892},
  publisher={Cosimo Classics},
  address={New York, NY}
}

@article{smeeton1985early,
  title={{E}arly history of the kappa statistic},
  author={Smeeton, N. C.},
  journal={Biometrics},
  volume={41},
  pages={795},
  year={1985}
}

@article{cohen1960coefficient,
  title={{A} coefficient of agreement for nominal scales},
  author={Cohen, J.},
  journal={Educational and psychological measurement},
  volume={20},
  number={1},
  pages={37--46},
  year={1960},
  publisher={Sage Publications Sage CA: Thousand Oaks, CA}
}

@article{sim2005kappa,
  title={{T}he kappa statistic in reliability studies: use, interpretation, and sample size requirements},
  author={Sim, J. and Wright, C. C.},
  journal={Physical therapy},
  volume={85},
  number={3},
  pages={257--268},
  year={2005},
  publisher={Oxford University Press}
}

@article{chicco2021matthews,
  title={{T}he {M}atthews correlation coefficient ({M}{C}{C}) is more informative than {C}ohen's {K}appa and {B}rier score in binary classification assessment},
  author={Chicco, D. and Warrens, M. J. and Jurman, G.},
  journal={IEEE Access},
  volume={9},
  pages={78368--78381},
  year={2021},
  publisher={IEEE}
}

@article{heidke1926berechnung,
  title={{B}erechnung des {E}rfolges und der {G}{\"u}te der {W}indst{\"a}rkevorhersagen im {S}turmwarnungsdienst},
  author={Heidke, P.},
  journal={Geografiska Annaler},
  volume={8},
  number={4},
  pages={301--349},
  year={1926},
  publisher={Taylor \& Francis}
}

@book{philosophical1887bulletin,
  author={D.C., The Philosophical Society of Washington},
  title={{B}ulletin of the {P}hilosophical {S}ociety of {W}ashington, {D}.{C}.},
  volume={10},
  year={1887},
  pages={83},
  publisher={The co-operation of the Smithsonian Institution},
  address={Washington, D.C., USA}
}

