@book{spilker1996global,
	title = {{G}lobal positioning system: theory and applications, volume {I}},
	author = {Spilker Jr, J. J. and Axelrad, P. and Parkinson, B. W. and Enge, P.},
	year = {1996},
	publisher = {American Institute of Aeronautics and Astronautics},
	isbn = {9781600864193},
	address = {Reston, Virginia}
}

@book{schaer1999mapping,
	title = {{M}apping and predicting the {E}arth's ionosphere using the {G}lobal {P}ositioning {S}ystem},
	author = {Schaer, S.},
	volume = {59},
	year = {1999},
	publisher = {Institut f{\"u}r Geod{\"a}sie und Photogrammetrie, Eidg. Technische Hochschule},
	address = {Z{\"u}rich}
}

@article{durmaz2015regional,
	title = {{R}egional vertical total electron content ({V}{T}{E}{C}) modeling together with satellite and receiver differential code biases ({D}{C}{B}s) using semi-parametric multivariate adaptive regression {B}-splines ({S}{P}-{B}{M}{A}{R}{S})},
	author = {Durmaz, M. and Karslioglu, M. O.},
	journal = {Journal of Geodesy},
	volume = {89},
	pages = {347--360},
	year = {2015},
	doi = {10.1007/s00190-014-0779-8},
	url = {http://dx.doi.org/10.1007/s00190-014-0779-8},
	publisher = {Springer}
}

@article{jin2012m_dcb,
	title = {{M}\_{D}{C}{B}: {M}atlab code for estimating {G}{N}{S}{S} satellite and receiver differential code biases},
	author = {Jin, R. and Jin, S. and Feng, G.},
	journal = {GPS solutions},
	volume = {16},
	number = {4},
	pages = {541--548},
	year = {2012},
	doi = {10.1007/s10291-012-0279-3},
	url = {http://dx.doi.org/10.1007/s10291-012-0279-3},
	publisher = {Springer}
}

@book{davies1990ionospheric,
	title = {{I}onospheric {R}adio},
	author = {Davies, K.},
	isbn = {9780863411861},
	lccn = {gb89004506},
	series = {Electromagnetics and Radar Series},
	url = {https://books.google.hr/books?id=qdWUKSj5PCcC},
	year = {1990},
	publisher = {Institution of Engineering \& Technology},
	address = {Futures Place, Stevenage}
}

@article{liu2009seismoionospheric,
	title = {{S}eismoionospheric {G}{P}{S} total electron content anomalies observed before the 12 {M}ay 2008 {M}w7. 9 {W}enchuan earthquake},
	author = {Liu, J. Y. and Chen, Y. I. and Chen, C. H. and Liu, C. Y. and Chen, C. Y. and Nishihashi, M. and Li, J. Z. and Xia, Y. Q. and Oyama, K. I. and Hattori, K. and Lin, C. H.},
	journal = {Journal of Geophysical Research: Space Physics},
	volume = {114},
	number = {A4},
	year = {2009},
	doi = {10.1029/2008JA013698},
	url = {http://dx.doi.org/10.1029/2008JA013698},
	publisher = {Wiley Online Library}
}

@book{prolss2012physics,
	title = {{P}hysics of the {E}arthâ€™s space environment: an introduction},
	author = {Pr{\"o}lss, G.},
	year = {2012},
	publisher = {Springer Science \& Business Media},
	address = {Berlin/Heidelberg, Germany}
}

@book{oxley2017uncertainties,
	title = {{U}ncertainties in {G}{P}{S} {P}ositioning: {A} mathematical discourse},
	author = {Oxley, A.},
	year = {2017},
	publisher = {Academic Press},
	address = {Cambridge, Massachusetts}
}

@incollection{SEEMALA202363,
	title = {{C}hapter 4 - {E}stimation of ionospheric total electron content ({T}{E}{C}) from {G}{N}{S}{S} observations},
	editor = {Singh, A. K. and Tiwari, S.},
	booktitle = {Atmospheric Remote Sensing},
	publisher = {Elsevier},
	address = {Amsterdam, Netherlands},
	pages = {63--84},
	year = {2023},
	series = {Earth Observation},
	isbn = {978-0-323-99262-6},
	doi = {10.1016/B978-0-323-99262-6.00022-5},
	url = {http://dx.doi.org/10.1016/B978-0-323-99262-6.00022-5},
	author = {Seemala, G. K.}
}

@article{klobuchar1987ionospheric,
	title = {{I}onospheric time-delay algorithm for single-frequency {G}{P}{S} users},
	author = {Klobuchar, J. A.},
	journal = {IEEE Transactions on aerospace and electronic systems},
	pages = {325--331},
	year = {1987},
	doi = {10.1109/TAES.1987.310829},
	url = {http://dx.doi.org/10.1109/TAES.1987.310829},
	publisher = {IEEE}
}

@article{enge1994global,
	title = {{T}he global positioning system: {S}ignals, measurements, and performance},
	author = {Enge, P. K.},
	journal = {International Journal of Wireless Information Networks},
	volume = {1},
	pages = {83--105},
	year = {1994},
	doi = {10.1007/BF02106512},
	url = {http://dx.doi.org/10.1007/BF02106512},
	publisher = {Springer}
}

@article{filjar2024ambient,
	title = {{A}n {A}mbient {A}daptive {G}lobal {N}avigation {S}atellite {S}ystem {T}otal {E}lectron {C}ontent {P}redictive {M}odel for {S}hort-{T}erm {R}apid {G}eomagnetic {S}torm {E}vents},
	author = {Filjar, R. and Hedji, I. and Prpi{\'c}-Or{\v{s}}i{\'c}, J. and Iliev, T.},
	journal = {Remote Sensing},
	volume = {16},
	number = {16},
	pages = {3051},
	year = {2024},
	doi = {10.3390/rs16163051},
	url = {http://dx.doi.org/10.3390/rs16163051},
	publisher = {MDPI}
}

@article{natras2022ensemble,
	title = {{E}nsemble machine learning of random forest, {A}da{B}oost and {X}{G}{B}oost for vertical total electron content forecasting},
	author = {Natras, R. and Soja, B. and Schmidt, M.},
	journal = {Remote Sensing},
	volume = {14},
	number = {15},
	pages = {3547},
	doi = {10.3390/rs14153547},
	url = {http://dx.doi.org/10.3390/rs14153547},
	year = {2022},
	publisher = {MDPI}
}

@article{natras2023regional,
	title = {{R}egional ionosphere delay models based on {C}{O}{R}{S} data and machine learning},
	author = {Natras, R. and Goss, A. and Halilovic, D. and Magnet, N. and Mulic, M. and Schmidt, M. and Weber, R.},
	journal = {NAVIGATION: Journal of the Institute of Navigation},
	volume = {70},
	number = {3},
	doi = {10.33012/navi.577},
	url = {http://dx.doi.org/10.33012/navi.577},
	year = {2023},
	publisher = {Institute of Navigation}
}

@article{Intermagnet2022-cj,
	title = {{I}ntermagnet reference data set ({I}{R}{D}{S}) 2019 -- definitive magnetic observatory data},
	doi = {10.5880/INTERMAGNET.1991.2019},
	url = {http://dx.doi.org/10.5880/INTERMAGNET.1991.2019},
	author = {{INTERMAGNET} and others},
	journal = {GFZ Data Services},
	year = {2022}
}

@article{Kuhn2007,
	title = {caret: {C}lassification and {R}egression {T}raining},
	url = {http://dx.doi.org/10.32614/cran.package.caret},
	doi = {10.32614/cran.package.caret},
	journal = {CRAN: Contributed Packages},
	publisher = {The R Foundation},
	author = {Kuhn, M.},
	year = {2007},
	month = {oct}
}

@article{kuhn2008building,
	title = {{B}uilding predictive models in {R} using the caret package},
	author = {Kuhn, M.},
	doi = {10.18637/jss.v028.i05},
	url = {http://dx.doi.org/10.18637/jss.v028.i05},
	journal = {Journal of statistical software},
	volume = {28},
	pages = {1--26},
	year = {2008}
}

@book{kuhn2013applied,
	title = {{A}pplied predictive modeling},
	author = {Kuhn, M.},
	year = {2013},
	publisher = {Springer},
	address = {Berlin/Heidelberg, Germany}
}

@inproceedings{Boser1992,
	author = {Boser, B. E. and Guyon, I. M. and Vapnik, V. N.},
	booktitle = {Proceedings of the fifth annual workshop on Computational learning theory},
	title = {{A} training algorithm for optimal margin classifiers},
	doi = {10.1145/130385.130401},
	url = {http://dx.doi.org/10.1145/130385.130401},
	pages = {144--152},
	year = {1992},
	address = {New York, New Jersey, United States of America},
	month = {jul},
	publisher = {ACM},
	conference = {COLT92: 5th Annual Workshop on Computational Learning Theory}
}

@article{HastieRosset2009,
	author = {Hastie, T. and Rosset, S. and Zhu, J. and Zou, H.},
	journal = {Stat. Interface},
	title = {{M}ulti-class {A}da{B}oost},
	year = {2009},
	doi = {10.4310/SII.2009.v2.n3.a8},
	url = {http://dx.doi.org/10.4310/SII.2009.v2.n3.a8},
	number = {3},
	pages = {349--360},
	volume = {2},
	publisher = {International Press of Boston}
}

@article{Meyer2003,
	author = {Meyer, D. and Leisch, F. and Hornik, K.},
	journal = {Neurocomputing},
	title = {{T}he support vector machine under test},
	doi = {10.1016/S0925-2312(03)00431-4},
	url = {http://dx.doi.org/10.1016/S0925-2312(03)00431-4},
	year = {2003},
	month = {sep},
	number = {1-2},
	pages = {169--186},
	volume = {55},
	publisher = {Elsevier BV}
}

@book{Press2007,
	author = {Press, W. H. and Teukolsky, S. A. and Vetterling, W. T. and Flannery, B. P.},
	publisher = {Cambridge University Press},
	title = {{N}umerical recipes 3rd edition},
	year = {2007},
	address = {Cambridge, England},
	edition = {Third},
	month = {sep}
}

@article{Wu2008,
	author = {Wu, X. and Kumar, V. and Quinlan, R. J. and Ghosh, J. and Yang, Q. and Motoda, H. and McLachlan, G. J. and Ng, A. and Liu, B. and Yu, P. S. and Zhou, Z. H. and Steinbach, M. and Hand, D. J. and Steinberg, D.},
	journal = {Knowl. Inf. Syst.},
	title = {{T}op 10 algorithms in data mining},
	doi = {10.1007/s10115-007-0114-2},
	url = {http://dx.doi.org/10.1007/s10115-007-0114-2},
	year = {2008},
	month = {jan},
	number = {1},
	pages = {1--37},
	volume = {14},
	publisher = {Springer Science and Business Media LLC}
}

@inbook{ShalevShwartz2014,
	author = {Shalev-Shwartz, S. and Ben-David, S.},
	pages = {212--218},
	publisher = {Cambridge University Press},
	address = {Cambridge, England},
	title = {{D}ecision {T}rees},
	year = {2014},
	booktitle = {Understanding Machine Learning: From Theory to Algorithms},
	doi = {10.1017/CBO9781107298019.019},
	url = {http://dx.doi.org/10.1017/CBO9781107298019.019},
	place = {Cambridge}
}

@article{Hand2001,
	author = {Hand, D. J. and Yu, K.},
	journal = {Int. Stat. Rev.},
	title = {{I}diot's {B}ayes: {N}ot {S}o {S}tupid after {A}ll?},
	year = {2001},
	doi = {10.1111/j.1751-5823.2001.tb00465.x},
	url = {http://dx.doi.org/10.1111/j.1751-5823.2001.tb00465.x},
	month = {dec},
	number = {3},
	pages = {385},
	volume = {69},
	publisher = {JSTOR}
}

@book{Russell1999,
	title = {{A}rtificial intelligence: a modern approach},
	author = {Russell, S. J. and Norvig, P.},
	year = {2016},
	publisher = {Pearson},
	address = {London, England}
}

@article{Caruana2006,
	author = {Caruana, R. and Niculescu-Mizil, A.},
	journal = {Proceedings of the 23rd international conference on Machine learning - ICML '06},
	title = {{A}n {E}mpirical {C}omparison of {S}upervised {L}earning {A}lgorithms},
	year = {2006},
	month = {jun},
	pages = {161--168},
	volume = {2006},
	doi = {10.1145/1143844.1143865},
	url = {http://dx.doi.org/10.1145/1143844.1143865}
}

@article{John2013,
	author = {John, G. H. and Langley, P.},
	title = {{E}stimating {C}ontinuous {D}istributions in {B}ayesian {C}lassifiers},
	doi = {10.48550/arXiv.1302.4964},
	url = {http://dx.doi.org/10.48550/arXiv.1302.4964},
	year = {2013},
	archiveprefix = {arXiv},
	journal = {arXiv preprint arXiv:1302.4964},
	primaryclass = {cs.LG},
	eprint = {1302.4964}
}

@book{Murty2011,
	title = {{P}attern recognition: {A}n algorithmic approach},
	author = {Murty, M. N. and Devi, V. S.},
	year = {2011},
	publisher = {Springer Science \& Business Media},
	address = {Berlin/Heidelberg, Germany}
}

@book{brahme2014comprehensive,
	title = {{C}omprehensive biomedical physics},
	author = {Brahme, A.},
	year = {2014},
	publisher = {Newnes},
	address = {8-11 Southampton Street, London}
}

@article{olden2002illuminating,
	title = {{I}lluminating the "black box": a randomization approach for understanding variable contributions in artificial neural networks},
	doi = {10.1016/S0304-3800(02)00064-9},
	url = {http://dx.doi.org/10.1016/S0304-3800(02)00064-9},
	author = {Olden, J. D. and Jackson, D. A.},
	journal = {Ecological modelling},
	volume = {154},
	number = {1-2},
	pages = {135--150},
	year = {2002},
	publisher = {Elsevier}
}

@book{bishop2006pattern,
	publisher = {Springer},
	address = {Berlin/Heidelberg, Germany},
	author = {Bishop, C.},
	year = {2006},
	title = {{P}attern {R}ecognition and {M}achine {L}earning}
}

@book{vapnik2013nature,
	title = {{T}he nature of statistical learning theory},
	author = {Vapnik, V.},
	year = {2013},
	publisher = {Springer science \& business media},
	address = {Berlin/Heidelberg, Germany}
}

@book{goodfellow2016deep,
	title = {{D}eep {L}earning},
	author = {Goodfellow, I. and Bengio, Y. and Courville, A.},
	publisher = {MIT Press},
	address = {Cambridge, Massachusetts},
	note = {\url{http://www.deeplearningbook.org}},
	year = {2016}
}

@article{probst2019tunability,
	title = {{T}unability: {I}mportance of hyperparameters of machine learning algorithms},
	author = {Probst, P. and Boulesteix, A. L. and Bischl, B.},
	journal = {Journal of Machine Learning Research},
	volume = {20},
	doi = {10.48550/arXiv.1802.09596},
	url = {http://dx.doi.org/10.48550/arXiv.1802.09596},
	number = {53},
	pages = {1--32},
	year = {2019}
}

@book{stewart2019introduction,
	title = {{I}ntroduction to linear algebra},
	author = {Stewart, F. M.},
	year = {2019},
	publisher = {Courier Dover Publications},
	address = {Mineola, New York, United States of America}
}

@article{jolliffe2016principal,
	title = {{P}rincipal component analysis: a review and recent developments},
	author = {Jolliffe, I. T. and Cadima, J.},
	journal = {Philosophical transactions of the royal society A: Mathematical, Physical and Engineering Sciences},
	volume = {374},
	number = {2065},
	doi = {10.1098/rsta.2015.0202},
	url = {http://dx.doi.org/10.1098/rsta.2015.0202},
	pages = {20150202},
	year = {2016},
	publisher = {the Royal Society publishing}
}

@article{abdi2010partial,
	title = {{P}artial least squares regression and projection on latent structure regression ({P}{L}{S} {R}egression)},
	author = {Abdi, H.},
	journal = {Wiley interdisciplinary reviews: computational statistics},
	volume = {2},
	number = {1},
	doi = {10.1002/wics.51},
	url = {http://dx.doi.org/10.1002/wics.51},
	pages = {97--106},
	year = {2010},
	publisher = {Wiley Online Library}
}

@article{saebo2008lpls,
	title = {{L}{P}{L}{S}-regression: a method for prediction and classification under the influence of background information on predictor variables},
	author = {S{\ae}b{\o}, S. and Alm{\o}y, T. and Flatberg, A. and Aastveit, A. H. and Martens, H.},
	journal = {Chemometrics and Intelligent Laboratory Systems},
	volume = {91},
	number = {2},
	doi = {10.1016/j.chemolab.2007.10.006},
	url = {http://dx.doi.org/10.1016/j.chemolab.2007.10.006},
	pages = {121--132},
	year = {2008},
	publisher = {Elsevier}
}

@article{GONZALEZ2023104876,
	title = {{P}{L}{S}1-{M}{D}: {A} partial least squares regression algorithm for solving missing data problems},
	journal = {Chemometrics and Intelligent Laboratory Systems},
	volume = {240},
	pages = {104876},
	year = {2023},
	issn = {0169-7439},
	doi = {10.1016/j.chemolab.2023.104876},
	url = {http://dx.doi.org/10.1016/j.chemolab.2023.104876},
	author = {Gonz{\'a}lez, V. and Giraldo, R. and Leiva, V.}
}

@book{mclachlan2005discriminant,
	title = {{D}iscriminant analysis and statistical pattern recognition},
	author = {McLachlan, G. J.},
	year = {2005},
	doi = {10.1002/0471725293},
	url = {http://dx.doi.org/10.1002/0471725293},
	publisher = {John Wiley \& Sons},
	address = {Hoboken, New Jersey, United States of America}
}

@book{HastieTibshirani2009,
	title = {{T}he elements of statistical learning: data mining, inference, and prediction},
	author = {Hastie, T. and Tibshirani, R. and Friedman, J. H. and Friedman, J. H.},
	volume = {2},
	year = {2009},
	publisher = {Springer},
	address = {Berlin/Heidelberg, Germany}
}

@article{reynes2006choice,
	title = {{C}hoice of {B}-splines with free parameters in the flexible discriminant analysis context},
	author = {Reyn{\`e}s, C. and Sabatier, R. and Molinari, N.},
	journal = {Computational statistics \& data analysis},
	volume = {51},
	doi = {10.1016/j.csda.2005.11.018},
	url = {http://dx.doi.org/10.1016/j.csda.2005.11.018},
	number = {3},
	pages = {1765--1778},
	year = {2006},
	publisher = {Elsevier}
}

@book{wetcher2011analyzing,
	title = {{A}nalyzing quantitative data: {A}n introduction for social researchers},
	author = {Wetcher-Hendricks, D.},
	year = {2011},
	publisher = {John Wiley \& Sons},
	address = {Hoboken, New Jersey, United States of America}
}

@book{cohen2013applied,
	title = {{A}pplied multiple regression/correlation analysis for the behavioral sciences},
	author = {Cohen, J. and Cohen, P. and West, S. G. and Aiken, L. S.},
	year = {2013},
	publisher = {Routledge},
	address = {Milton Park, Abingdon-on-Thames, Oxfordshire, England, United Kingdom}
}

@book{zolesi2014ionospheric,
	title = {{I}onospheric prediction and forecasting},
	author = {Zolesi, B. and Cander, Lj. R.},
	year = {2014},
	publisher = {Springer},
	address = {Berlin/Heidelberg, Germany}
}

@article{vellinov1992ionospheric,
	title = {{I}onospheric effects of lightning during the increasing part of solar cycle 22},
	author = {Vellinov, P. I. and Spassov, C. W. and Kolev, S. I.},
	journal = {Journal of atmospheric and terrestrial physics},
	volume = {54},
	number = {10},
	pages = {1347--1353},
	year = {1992},
	publisher = {Elsevier},
	doi = {10.1016/0021-9169(92)90044-L},
	url = {http://dx.doi.org/10.1016/0021-9169(92)90044-L}
}

@article{liu20142013,
	title = {{T}he 2013 {L}ushan earthquake in {C}hina tests hazard assessments},
	author = {Liu, M. and Luo, G. and Wang, H.},
	journal = {Seismological Research Letters},
	volume = {85},
	number = {1},
	pages = {40--43},
	year = {2014},
	publisher = {Citeseer},
	doi = {10.1785/0220130117},
	url = {http://dx.doi.org/10.1785/0220130117}
}

@incollection{schwenn2001solar,
	title = {{S}olar wind: {G}lobal properties},
	author = {Schwenn, R.},
	booktitle = {Encyclopedia of Astronomy \& Astrophysics},
	pages = {1--9},
	year = {2001},
	publisher = {CRC Press},
	address = {Boca Raton, Florida, United States of America},
	doi = {10.1888/0333750888/2301},
	url = {http://dx.doi.org/10.1888/0333750888/2301}
}

@article{Bojinov2014,
	doi = {10.48550/arxiv.1408.1416},
	url = {http://dx.doi.org/10.48550/arxiv.1408.1416},
	author = {Bojinov, H. and Michalevsky, Y. and Nakibly, G. and Boneh,  D.},
	title = {{M}obile {D}evice {I}dentification via {S}ensor {F}ingerprinting},
	publisher = {arXiv},
	journal = {arXiv preprint arXiv:1408.1416},
	year = {2014},
	copyright = {arXiv.org perpetual,  non-exclusive license}
}

@article{Myint2022,
	title = {{A}nalysis of local geomagnetic index under the influence of equatorial electrojet ({E}{E}{J}) at the equatorial {P}huket geomagnetic station in {T}hailand},
	journal = {Advances in Space Research},
	volume = {70},
	number = {5},
	pages = {1429--1440},
	year = {2022},
	issn = {0273-1177},
	doi = {10.1016/j.asr.2022.06.024},
	url = {http://dx.doi.org/10.1016/j.asr.2022.06.024},
	author = {Myint, L. M. M. and Hozumi, K. and Saito, S. and Supnithi, P.},
	publisher = {Elsevier}
}

@article{Matzka2021a,
	title = {{G}eomagnetic {K}p index},
	author = {Matzka, J. and Bronkalla, O. and Tornow, K. and  Elger, K. and Stolle, C.},
	journal = {GFZ Data Services},
	doi = {10.5880/Kp.0001},
	url = {http://dx.doi.org/10.5880/Kp.0001},
	year = {2021}
}

@article{Matzka2021b,
	title = {{T}he geomagnetic {K}{P} index and derived indices of geomagnetic activity},
	author = {Matzka, J. and Stolle, C. and Yamazaki, Y. and Bronkalla, O. and Morschhauser, A.},
	journal = {Space Weather},
	publisher = {American Geophysical Union (AGU)},
	volume = {19},
	number = {5},
	month = {may},
	year = {2021},
	copyright = {http://creativecommons.org/licenses/by/4.0/},
	doi = {10.1029/2020SW002641},
	url = {http://dx.doi.org/10.1029/2020SW002641},
	language = {en}
}

@article{loewe1997classification,
	title = {{C}lassification and mean behavior of magnetic storms},
	author = {Loewe, C. A. and Pr{\"o}lss, G. W.},
	journal = {Journal of Geophysical Research: Space Physics},
	volume = {102},
	number = {A7},
	pages = {14209--14213},
	doi = {10.1029/96JA04020},
	url = {http://dx.doi.org/10.1029/96JA04020},
	year = {1997},
	publisher = {Wiley Online Library}
}

@article{gonzalez1994geomagnetic,
	title = {{W}hat is a geomagnetic storm?},
	author = {Gonzalez, W. D. and Joselyn, J. A. and Kamide, Y. and Kroehl, H. W. and Rostoker, G. and Tsurutani, B. T. and Vasyliunas, V. M.},
	journal = {Journal of Geophysical Research: Space Physics},
	doi = {10.1029/93JA02867},
	url = {http://dx.doi.org/10.1029/93JA02867},
	volume = {99},
	number = {A4},
	pages = {5771--5792},
	year = {1994},
	publisher = {Wiley Online Library}
}

@article{kamide1998two,
	title = {{T}wo-step development of geomagnetic storms},
	author = {Kamide, Y. and Yokoyama, N. and Gonzalez, W. and Tsurutani, B. T. and Daglis, I. A. and Brekke, A. and Masuda, S.},
	journal = {Journal of Geophysical Research: Space Physics},
	volume = {103},
	number = {A4},
	pages = {6917--6921},
	doi = {10.1029/97JA03337},
	url = {http://dx.doi.org/10.1029/97JA03337},
	year = {1998},
	publisher = {Wiley Online Library}
}

@article{rozhnoi2004middle,
	title = {{M}iddle latitude {L}{F} (40 k{H}z) phase variations associated with earthquakes for quiet and disturbed geomagnetic conditions},
	author = {Rozhnoi, A. and Solovieva, M. S. and Molchanov, O. A. and Hayakawa, M.},
	journal = {Physics and Chemistry of the Earth, Parts A/B/C},
	volume = {29},
	number = {4-9},
	pages = {589--598},
	doi = {10.1016/j.pce.2003.08.061},
	url = {http://dx.doi.org/10.1016/j.pce.2003.08.061},
	year = {2004},
	publisher = {Elsevier}
}

@article{contadakis2012total,
	title = {{T}otal electron content variations over southern {E}urope before and during the {M} 6.3 {A}bruzzo earthquake of {A}pril 6, 2009},
	author = {Contadakis, M. E. and Arabelos, D. N. and Pikridas, C. and Spatalas, S. D.},
	journal = {Annals of geophysics},
	volume = {55},
	doi = {10.4401/ag-5322},
	url = {http://dx.doi.org/10.4401/ag-5322},
	number = {1},
	year = {2012}
}

@article{Fan2008,
	author = {Fan, R. E. and Chang, K. W. and Hsieh, C. J. and Wang, X. R. and Lin, C. J.},
	journal = {Journal of Machine Learning Research},
	title = {{L}{I}{B}{L}{I}{N}{E}{A}{R}: a library for large linear classification},
	year = {2008},
	month = {aug},
	pages = {1871--1874},
	volume = {9},
	doi = {10.1145/1390681.1442794},
	url = {http://dx.doi.org/10.1145/1390681.1442794}
}

@article{Mohamad2013,
	author = {Mohamad, I. B. and Usman, D.},
	journal = {Research Journal of Applied Sciences, Engineering and Technology},
	title = {{S}tandardization and its effects on {K}-means clustering algorithm},
	doi = {10.19026/rjaset.6.3638},
	url = {http://dx.doi.org/10.19026/rjaset.6.3638},
	year = {2013},
	month = {sep},
	number = {17},
	pages = {3299--3303},
	volume = {6},
	publisher = {Maxwell Scientific Publication Corp.}
}

@article{Fennell2019,
	author = {Fennell, P. G. and Zuo, Z. and Lerman, K.},
	journal = {EPJ Data Sci.},
	title = {{P}redicting and explaining behavioral data with structured feature space decomposition},
	year = {2019},
	month = {dec},
	doi = {10.48550/arXiv.1810.09841},
	url = {http://dx.doi.org/10.48550/arXiv.1810.09841},
	number = {1},
	volume = {8},
	copyright = {https://creativecommons.org/licenses/by/4.0},
	publisher = {Springer Science and Business Media LLC}
}

@book{fagerland2017statistical,
	title = {{S}tatistical {A}nalysis of {C}ontingency {T}ables},
	author = {Fagerland, M. and Lydersen, S. and Laake, P.},
	year = {2017},
	publisher = {Chapman and Hall/CRC},
	address = {Boca Raton, Florida}
}

@book{chow2018sample,
	title = {{S}ample {S}ize {C}alculations in {C}linical {R}esearch},
	author = {Chow, S. C. and Shao, J. and Wang, H. and Lokhnygina, Y.},
	year = {2018},
	publisher = {Chapman and Hall/CRC},
	address = {Boca Raton, Florida}
}

@article{edwards1948note,
	title = {{N}ote on the "correction for continuity" in testing the significance of the difference between correlated proportions},
	author = {Edwards, A. L.},
	journal = {Psychometrika},
	volume = {13},
	number = {3},
	pages = {185--187},
	year = {1948},
	doi = {10.1007/BF02289261},
	url = {http://dx.doi.org/10.1007/BF02289261},
	publisher = {Springer}
}

@inproceedings{Zhang2004,
	author = {Zhang, H.},
	booktitle = {Proceedings of the Seventeenth International Florida Artificial Intelligence Research Society Conference, FLAIRS 2004},
	title = {{T}he {O}ptimality of {N}aive {B}ayes},
	isbn = {978-1-57735-201-3},
	year = {2004},
	month = {jan},
	volume = {2}
}

@inproceedings{Metsis2006,
	author = {Metsis, V. and Androutsopoulos, I. and Paliouras, G.},
	booktitle = {In CEAS},
	title = {{S}pam {F}iltering with {N}aive {B}ayes - {W}hich {N}aive {B}ayes?},
	year = {2006},
	month = {jan}
}

@article{Mccallum2001,
	author = {Mccallum, A. and Nigam, K.},
	journal = {Work Learn Text Categ},
	title = {{A} {C}omparison of {E}vent {M}odels for {N}aive {B}ayes {T}ext {C}lassification},
	year = {2001},
	month = {may},
	volume = {752}
}

