@article{filjar2024ambient,
  title={An {A}mbient {A}daptive {G}lobal {N}avigation {S}atellite {S}ystem {T}otal {E}lectron {C}ontent {P}redictive {M}odel for {S}hort-{T}erm {R}apid {G}eomagnetic {S}torm {E}vents},
  author={Filjar, Renato and Hedji, Ivan and Prpi{\'c}-Or{\v{s}}i{\'c}, Jasna and Iliev, Teodor},
  journal={Remote Sensing},
  volume={16},
  number={16},
  pages={3051},
  year={2024},
  publisher={MDPI}
}

@inproceedings{filjar2022application,
  title={An application-centred resilient {G}{N}{S}{S} position estimation algorithm based on positioning environment conditions awareness},
  author={Filjar, Renato},
  booktitle={Proceedings of the 2022 International Technical Meeting of The Institute of Navigation},
  pages={1123--1136},
  year={2022}
}

@inproceedings{filic2018modelling,
  title={modelling the relation between {G}{N}{S}{S} positioning performance degradation, and space weather and ionospheric conditions using {R}{R}eliefF features selection},
  author={Fili{\'c}, Mia and Filjar, Renato},
  booktitle={ION GNSS+ 2018 Meeting},
  pages={1999--2006},
  year={2018}
}

@inproceedings{sikirica2021risk,
  title={A Risk Assessment of Geomagnetic Conditions Impact on GPS Positioning Accuracy Degradation in Tropical Regions Using Dst Index},
  author={Sikirica, Nenad and Dimc, Franc and Jukic, Oliver and Iliev, Teodor B and Spoljar, Darko and Filjar, Renato},
  booktitle={Proceedings of the 2021 International Technical Meeting of The Institute of Navigation},
  pages={606--615},
  year={2021}
}

@article{filjar2020comparison,
  title={A COMPARISON OF MACHINE LEARNING-BASED INDIVIDUAL MOBILITY CLASSIFICATION MODELS DEVELOPED ON SENSOR READINGS FROM LOOSELY ATTACHED SMARTPHONES.},
  author={Filjar, Renato and Sklebar, Ivan and Horvat, Marko},
  journal={Komunik{\'a}cie},
  volume={22},
  number={4},
  year={2020}
}

@misc{kuhn2013applied,
  title={Applied predictive modeling},
  author={Kuhn, M},
  year={2013},
  publisher={Springer}
}

@misc{topepoCaretPackage,
	author = {Max Kuhn},
	title = {{T}he caret {P}ackage --- topepo.github.io},
	howpublished = {\url{https://topepo.github.io/caret/}},
	year = {},
	note = {[Accessed 11-09-2024]},
}

@misc{rprojectProjectStatistical,
	author = {RCoreTeam},
	title = {{R}: {T}he {R} {P}roject for {S}tatistical {C}omputing --- r-project.org},
	howpublished = {\url{https://www.r-project.org/}},
	year = {},
	note = {[Accessed 11-09-2024]},
}

@Article{Cortes1995,
  author    = {Cortes, Corinna and Vapnik, Vladimir},
  journal   = {Mach. Learn.},
  title     = {Support-vector networks},
  year      = {1995},
  month     = sep,
  number    = {3},
  pages     = {273--297},
  volume    = {20},
  publisher = {Springer Science and Business Media LLC},
}

@InProceedings{Boser1992,
  author     = {Boser, Bernhard E. and Guyon, Isabelle M. and Vapnik, Vladimir N.},
  booktitle  = {Proceedings of the fifth annual workshop on Computational learning theory},
  title      = {A training algorithm for optimal margin classifiers},
  year       = {1992},
  address    = {New York, NY, USA},
  month      = jul,
  publisher  = {ACM},
  conference = {COLT92: 5th Annual Workshop on Computational Learning Theory},
}

@Article{BenHur2001,
  author  = {Ben-Hur, Asa and Horn, David and Siegelmann, Hava and Vapnik, Vladimir},
  journal = {Journal of Machine Learning Research},
  title   = {Support {V}ector {C}lustering},
  year    = {2001},
  month   = nov,
  pages   = {125--137},
  volume  = {2},
  doi     = {10.1162/15324430260185565},
}

@Article{Meyer2003,
  author    = {Meyer, David and Leisch, Friedrich and Hornik, Kurt},
  journal   = {Neurocomputing},
  title     = {The support vector machine under test},
  year      = {2003},
  month     = sep,
  number    = {1-2},
  pages     = {169--186},
  volume    = {55},
  publisher = {Elsevier BV},
}

@Article{Hastie2009,
  author    = {Hastie, Trevor and Rosset, Saharon and Zhu, Ji and Zou, Hui},
  journal   = {Stat. Interface},
  title     = {Multi-class {AdaBoost}},
  year      = {2009},
  number    = {3},
  pages     = {349--360},
  volume    = {2},
  publisher = {International Press of Boston},
}

@Book{Press2007,
  author    = {Press, William H. and Teukolsky, Saul A. and Vetterling, William T. and Flannery, Brian P.},
  publisher = {Cambridge University Press},
  title     = {Numerical recipes 3rd edition},
  year      = {2007},
  address   = {Cambridge, England},
  edition   = {Third},
  month     = sep,
}
 
@InCollection{Joachims1998,
  author    = {Joachims, Thorsten},
  booktitle = {Machine Learning: {ECML-98}},
  publisher = {Springer Berlin Heidelberg},
  title     = {Text categorization with {S}upport {V}ector {M}achines: {L}earning with many relevant features},
  year      = {1998},
  address   = {Berlin, Heidelberg},
  pages     = {137--142},
  series    = {Lecture notes in computer science},
}

@InProceedings{Pradhan2004,
  author    = {Pradhan, Sameer S. and Ward, Wayne H. and Hacioglu, Kadri and Martin, James H. and Jurafsky, Dan},
  booktitle = {Proceedings of the Human Language Technology Conference of the North {A}merican Chapter of the Association for Computational Linguistics: {HLT}-{NAACL} 2004},
  title     = {{S}hallow {S}emantic {P}arsing using {S}upport {V}ector {M}achines},
  year      = {2004},
  address   = {Boston, Massachusetts, USA},
  month     = may # { 2 - } # may # { 7},
  pages     = {233--240},
  publisher = {Association for Computational Linguistics},
  url       = {https://aclanthology.org/N04-1030},
}

@Book{Laurent2014,
  title={Information Processing and Management of Uncertainty in Knowledge-Based Systems},
  author={Laurent, Anne and Strauss, Olivier and Bouchon-Meunier, Bernadette and Yager, Ronald R},
  booktitle={16th International Conference, IPMU},
  pages={442},
  year={2014},
  publisher={Springer}
}

@InCollection{Barghout2015,
  author    = {Barghout, Lauren},
  booktitle = {Studies in Big Data},
  publisher = {Springer International Publishing},
  title     = {Spatial-taxon information granules as used in iterative fuzzy-decision-making for image segmentation},
  year      = {2015},
  address   = {Cham},
  pages     = {285--318},
}

@Article{Maity2016,
  author        = {Maity, Abhishek},
  journal       = {arXiv preprint arXiv:1608.00501},
  title         = {Supervised classification of {RADARSAT-2} polarimetric data for different land features},
  year          = {2016},
  month         = aug,
  archiveprefix = {arXiv},
  copyright     = {http://creativecommons.org/licenses/by/4.0/},
  primaryclass  = {cs.CV},
}

@Article{Decoste2002,
  author    = {Decoste, Dennis and Sch{\"o}lkopf, Bernhard},
  journal   = {Mach. Learn.},
  title     = {Training {I}nvariant {S}upport {V}ector {M}achines},
  year      = {2002},
  number    = {1/3},
  pages     = {161--190},
  volume    = {46},
  publisher = {Springer Nature},
}

@InProceedings{Maitra2015,
  author     = {Maitra, Durjoy Sen and Bhattacharya, Ujjwal and Parui, Swapan K.},
  booktitle  = {2015 13th International Conference on Document Analysis and Recognition ({ICDAR})},
  title      = {{CNN} based common approach to handwritten character recognition of multiple scripts},
  year       = {2015},
  address    = {Tunis, Tunisia},
  month      = aug,
  publisher  = {IEEE},
  conference = {2015 13th International Conference on Document Analysis and Recognition (ICDAR)},
}

@Article{Gaonkar2013,
  author    = {Gaonkar, Bilwaj and Davatzikos, Christos},
  journal   = {Neuroimage},
  title     = {Analytic estimation of statistical significance maps for support vector machine based multi-variate image analysis and classification},
  year      = {2013},
  month     = sep,
  pages     = {270--283},
  volume    = {78},
  publisher = {Elsevier BV},
}

@Article{Cuingnet2011,
  author    = {Cuingnet, R{\'e}mi and Rosso, Charlotte and Chupin, Marie and Leh{\'e}ricy, St{\'e}phane and Dormont, Didier and Benali, Habib and Samson, Yves and Colliot, Olivier},
  journal   = {Med. Image Anal.},
  title     = {Spatial regularization of {SVM} for the detection of diffusion alterations associated with stroke outcome},
  year      = {2011},
  month     = oct,
  number    = {5},
  pages     = {729--737},
  volume    = {15},
  publisher = {Elsevier BV},
}

@Article{Statnikov2006,
  author  = {Statnikov, Alexander and Hardin, D. and Aliferis, Constantin},
  journal = {Sign},
  title   = {{U}sing {SVM} {W}eight-{B}ased {M}ethods to {I}dentify {C}ausally {R}elevant and {N}on-{C}ausally {R}elevant {V}ariables},
  year    = {2006},
  month   = jan,
  volume  = {1},
}

@InProceedings{Aizerman1964,
  author    = {Aizerman, M. A. and Braverman, E. A. and Rozonoer, L.},
  booktitle = {Automation and Remote Control},
  title     = {Theoretical foundations of the potential function method in pattern recognition learning},
  year      = {1964},
  number    = {25},
  pages     = {821--837},
  series    = {Automation and Remote Control,},
  added-at  = {2006-09-08T00:59:05.000+0200},
  biburl    = {https://www.bibsonomy.org/bibtex/22d5200f2631a82c1ccb33db90ee38d10/naufraghi},
  interhash = {4848b39ce0f837dc7b429b700526c5b1},
  intrahash = {2d5200f2631a82c1ccb33db90ee38d10},
  keywords  = {MachineLearning intelligenza-artificiale AI svm},
  timestamp = {2006-09-08T00:59:05.000+0200},
}

@Article{Jin2012,
  author  = {Jin, C. and Wang, L.},
  journal = {Advances in Neural Information Processing Systems},
  title   = {Dimensionality dependent {PAC}-{B}ayes margin bound},
  year    = {2012},
  month   = jan,
  pages   = {1034--1042},
  volume  = {2},
}

@TechReport{Hsu2003,
  author    = {Hsu, Chih-Wei and Chang, Chih-Chung and Lin, Chih-Jen},
  title     = {A {P}ractical {G}uide to {S}upport {V}ector {C}lassification},
  year      = {2003},
  added-at  = {2008-05-28T19:14:22.000+0200},
  biburl    = {https://www.bibsonomy.org/bibtex/2c04ef97dc3c3de168e684c3e4abe061b/jil},
  interhash = {272d3522c22f3cf354b02c5ce6c4612a},
  intrahash = {c04ef97dc3c3de168e684c3e4abe061b},
  keywords  = {guide libsvm svm tutorial},
  institution = {Department of Computer Science, National Taiwan University},
  timestamp = {2013-11-23T20:11:51.000+0100},
  url       = {http://www.csie.ntu.edu.tw/~cjlin/papers.html},
}

@article{saebo2008lpls,
  title={LPLS-regression: a method for prediction and classification under the influence of background information on predictor variables},
  author={S{\ae}b{\o}, Solve and Alm{\o}y, Trygve and Flatberg, Arnar and Aastveit, Are H and Martens, Harald},
  journal={Chemometrics and Intelligent Laboratory Systems},
  volume={91},
  number={2},
  pages={121--132},
  year={2008},
  publisher={Elsevier}
}

@article{olden2002illuminating,
  title={Illuminating the “black box”: a randomization approach for understanding variable contributions in artificial neural networks},
  author={Olden, Julian D and Jackson, Donald A},
  journal={Ecological modelling},
  volume={154},
  number={1-2},
  pages={135--150},
  year={2002},
  publisher={Elsevier}
}

@Article{Fan2008,
  author  = {Fan, Rong-En and Chang, Kai-Wei and Hsieh, Cho-Jui and Wang, Xiang-Rui and Lin, Chih-Jen},
  journal = {Journal of Machine Learning Research},
  title   = {{LIBLINEAR}: a library for large linear classification},
  year    = {2008},
  month   = aug,
  pages   = {1871--1874},
  volume  = {9},
  doi     = {10.1145/1390681.1442794},
}

@Article{Mohamad2013,
  author    = {Mohamad, Ismail Bin and Usman, Dauda},
  journal   = {Research Journal of Applied Sciences, Engineering and Technology},
  title     = {Standardization and its effects on {K}-means clustering algorithm},
  year      = {2013},
  month     = sep,
  number    = {17},
  pages     = {3299--3303},
  volume    = {6},
  publisher = {Maxwell Scientific Publication Corp.},
}

@Article{Fennell2019,
  author    = {Fennell, Peter G. and Zuo, Zhiya and Lerman, Kristina},
  journal   = {EPJ Data Sci.},
  title     = {Predicting and explaining behavioral data with structured feature space decomposition},
  year      = {2019},
  month     = dec,
  number    = {1},
  volume    = {8},
  copyright = {https://creativecommons.org/licenses/by/4.0},
  publisher = {Springer Science and Business Media LLC},
}

@article{ozesmi1999artificial,
  title={An artificial neural network approach to spatial habitat modelling with interspecific interaction},
  author={{\"O}zesmi, Stacy L and {\"O}zesmi, Uygar},
  journal={Ecological modelling},
  volume={116},
  number={1},
  pages={15--31},
  year={1999},
  publisher={Elsevier}
}

@book{ripley2007pattern,
  title={Pattern recognition and neural networks},
  author={Ripley, Brian D},
  year={2007},
  publisher={Cambridge university press}
}

@Book{Rokach2014,
  author    = {Rokach, Lior and Maimon, Oded},
  publisher = {World Scientific Publishing Company},
  title     = {Data mining with decision trees},
  year      = {2014},
  month     = oct,
  series    = {Series in Machine Perception and Artifical Intelligence},
}

@InBook{ShalevShwartz2014,
  author    = {Shalev-Shwartz, Shai and Ben-David, Shai},
  pages     = {212--218},
  publisher = {Cambridge University Press},
  title     = {Decision {T}rees},
  year      = {2014},
  booktitle = {Understanding Machine Learning: From Theory to Algorithms},
  doi       = {10.1017/CBO9781107298019.019},
  place     = {Cambridge},
}

@Article{Rokach2005,
  author    = {Rokach, L. and Maimon, O.},
  journal   = {IEEE Trans. Syst. Man Cybern. C Appl. Rev.},
  title     = {Top-down induction of decision trees classifiers---{A} survey},
  year      = {2005},
  month     = nov,
  number    = {4},
  pages     = {476--487},
  volume    = {35},
  publisher = {Institute of Electrical and Electronics Engineers (IEEE)},
}

@Misc{McCallum2011,
  author       = {Andrew McCallum},
  howpublished = {\url{https://people.cs.umass.edu/~mccallum/courses/gm2011/02-bn-rep.pdf}},
  note         = {Pristupljeno 25.01.2024.},
  title        = {{G}raphical {M}odels {L}ecture 2: {B}ayesian {N}etwork {R}epresenta;on},
  year         = {2011},
}

@Book{Russell1999,
  author    = {Russell, Stuart and Norvig, Peter},
  publisher = {Pearson},
  title     = {Artificial intelligence},
  year      = {1999},
  address   = {Upper Saddle River, NJ},
  edition   = {Second},
  month     = jul,
  series    = {Prentice Hall series in artificial intelligence},
}

@Article{Hand2001,
  author    = {Hand, David J. and Yu, Keming},
  journal   = {Int. Stat. Rev.},
  title     = {Idiot's {B}ayes: {N}ot {S}o {S}tupid after {A}ll?},
  year      = {2001},
  month     = dec,
  number    = {3},
  pages     = {385},
  volume    = {69},
  publisher = {JSTOR},
}

@article{hastie1994flexible,
  title={Flexible discriminant analysis by optimal scoring},
  author={Hastie, Trevor and Tibshirani, Robert and Buja, Andreas},
  journal={Journal of the American statistical association},
  volume={89},
  number={428},
  pages={1255--1270},
  year={1994},
  publisher={Taylor \& Francis}
}

@article{hastie1995penalized,
  title={Penalized discriminant analysis},
  author={Hastie, Trevor and Buja, Andreas and Tibshirani, Robert},
  journal={The Annals of Statistics},
  volume={23},
  number={1},
  pages={73--102},
  year={1995},
  publisher={Institute of Mathematical Statistics}
}

@book{hastie2009elements,
  title={The elements of statistical learning: data mining, inference, and prediction},
  author={Hastie, Trevor and Tibshirani, Robert and Friedman, Jerome H and Friedman, Jerome H},
  volume={2},
  year={2009},
  publisher={Springer}
}

@InProceedings{Zhang2004,
  author    = {Zhang, Harry},
  booktitle = {Proceedings of the Seventeenth International Florida Artificial Intelligence Research Society Conference, FLAIRS 2004},
  title     = {The {O}ptimality of {N}aive {B}ayes},
  year      = {2004},
  month     = jan,
  volume    = {2},
}

@Article{Caruana2006,
  author  = {Caruana, Rich and Niculescu-Mizil, Alexandru},
  journal = {Proceedings of the 23rd international conference on Machine learning - ICML '06},
  title   = {An {E}mpirical {C}omparison of {S}upervised {L}earning {A}lgorithms},
  year    = {2006},
  month   = jun,
  pages   = {161--168},
  volume  = {2006},
  doi     = {10.1145/1143844.1143865},
}

@Article{Mccallum2001,
  author  = {Mccallum, Andrew and Nigam, Kamal},
  journal = {Work Learn Text Categ},
  title   = {{A} {C}omparison of {E}vent {M}odels for {N}aive {B}ayes {T}ext {C}lassification},
  year    = {2001},
  month   = may,
  volume  = {752},
}

@Book{Murty2011,
  author    = {Murty, M. Narasimha and Devi, V. Susheela},
  publisher = {Springer},
  title     = {Pattern {R}ecognition},
  year      = {2011},
  address   = {London, England},
  month     = jul,
  series    = {Undergraduate Topics in Computer Science},
}

@Misc{John2013,
  author        = {George H. John and Pat Langley},
  title         = {Estimating {C}ontinuous {D}istributions in {B}ayesian {C}lassifiers},
  year          = {2013},
  archiveprefix = {arXiv},
  primaryclass  = {cs.LG},
}

@InProceedings{Metsis2006,
  author    = {Metsis, Vangelis and Androutsopoulos, Ion and Paliouras, Georgios},
  booktitle = {In CEAS},
  title     = {Spam {F}iltering with {N}aive {B}ayes - {W}hich {N}aive {B}ayes?},
  year      = {2006},
  month     = jan,
}

@Article{Piryonesi2020,
  author    = {Piryonesi, S. Madeh and El-Diraby, Tamer E.},
  journal   = {J. Transp. Eng. B Pavements},
  title     = {Role of data analytics in infrastructure asset management: {O}vercoming data size and quality problems},
  year      = {2020},
  month     = jun,
  number    = {2},
  pages     = {04020022},
  volume    = {146},
  publisher = {American Society of Civil Engineers (ASCE)},
}

@inproceedings{Bosson2018,
author = {Bosson, Christabelle and Nikoleris, Tasos},
year = {2018},
month = {01},
pages = {},
booktitle = {2018 AIAA Information Systems-AIAA Infotech},
title = {Supervised {L}earning {A}pplied to {A}ir {T}raffic {T}rajectory {C}lassification},
doi = {10.2514/6.2018-1637}
}

@INPROCEEDINGS{2008Ristic,
  author={Ristic, B. and La, S. B. and Morelande, M. and Gordon, N.},
  booktitle={2008 11th International Conference on Information Fusion}, 
  title={{S}tatistical analysis of motion patterns in {A}{I}{S} {D}ata: {A}nomaly detection and motion prediction}, 
  year={2008},
  volume={},
  number={},
  pages={1--7},
  doi={}}

@article{2017Zhen,
author = {Zhen, R. and Yongxing, J. and Hu, Q. and Shao, Z. and Nikitakos, N.},
year = {2017},
month = {01},
pages = {1--23},
title = {{M}aritime {A}nomaly {D}etection within {C}oastal {W}aters {B}ased on {V}essel {T}rajectory {C}lustering and {N}aïve {B}ayes {C}lassifier},
volume = {70},
journal = {Journal of Navigation},
doi = {10.1017/S0373463316000850}
}
 
@misc{marinetrafficMarineTrafficGlobal,
	author = {},
	title = {{M}arine{T}raffic: {G}lobal {S}hip {T}racking {I}ntelligence | {A}{I}{S} {M}arine {T}raffic --- marinetraffic.com},
	howpublished = {\url{marinetraffic.com}},
	year = {},
	note = {Pristupljeno 29.01.2024.},
}

@Article{Benhamou2004,
  author  = {Benhamou, Simon},
  journal = {Journal of theoretical biology},
  title   = {How to reliably estimate the tortuosity of an animal's path: {S}traightness, sinuosity, or fractal dimension?},
  year    = {2004},
  month   = aug,
  volume  = {229},
  doi     = {10.1016/j.jtbi.2004.03.016},
}

@inproceedings{Auslander2012MaritimeTD,
  title={{M}aritime {T}hreat {D}etection {U}sing {P}robabilistic {G}raphical {M}odels},
  author={Auslander, B. and Gupta, K. M. and Aha, D. W.},
  booktitle={The Florida AI Research Society},
  year={2012},
  url={https://api.semanticscholar.org/CorpusID:16339658}
}
  
@INPROCEEDINGS{2018Dogru,
  author={Dogru, N. and Subasi, A.},
  booktitle={2018 15th Learning and Technology Conference (L\&T)}, 
  title={{T}raffic accident detection using random forest classifier}, 
  year={2018},
  volume={},
  number={},
  pages={40--45},
  doi={10.1109/LT.2018.8368509}}

@ARTICLE{2018Marzuki,
  author={Marzuki, M. I. and Gaspar, P. and Garello, R. and Kerbaol, V. and Fablet, R.},
  journal={IEEE Journal of Oceanic Engineering}, 
  title={{F}ishing {G}ear {I}dentification {F}rom {V}essel-{M}onitoring-{S}ystem-{B}ased {F}ishing {V}essel {T}rajectories}, 
  year={2018},
  volume={43},
  number={3},
  pages={689--699},
  doi={10.1109/JOE.2017.2723278}}
 
@article{Woodill2020PredictingIF,
  title={{P}redicting {I}llegal {F}ishing on the {P}atagonia {S}helf from {O}ceanographic {S}eascapes},
  author={Woodill, A. and Kavanaugh, M. T. and Harte, M. and Watson, J. R.},
  journal={ArXiv},
  year={2020},
  volume={abs/2007.05470},
  url={https://api.semanticscholar.org/CorpusID:220487310}
}

@article{2022Szarmach, 
title={{M}ulti-Label {C}lassification for {A}{I}{S} {D}ata {A}nomaly {D}etection {U}sing {W}avelet {T}ransform}, volume={10}, 
ISSN={2169-3536}, 
url={http://dx.doi.org/10.1109/access.2022.3214217}, 
DOI={10.1109/access.2022.3214217}, 
journal={IEEE Access}, 
publisher={Institute of Electrical and Electronics Engineers (IEEE)}, 
author={Szarmach, M. and Czarnowski, I.}, 
year={2022},
pages={109119–109131} }

@article{2020Singh1, 
title={{O}n the {E}ffectiveness of {A}{I}-{A}ssisted {A}nomaly {D}etection {M}ethods in {M}aritime {N}avigation}, 
url={http://dx.doi.org/10.23919/fusion45008.2020.9190533}, 
DOI={10.23919/fusion45008.2020.9190533}, 
journal={2020 IEEE 23rd International Conference on Information Fusion (FUSION)}, 
publisher={IEEE}, 
author={Singh, S. K. and Heymann, F.}, 
year={2020}, 
month={Jul} }

@article{2019Liang, 
title={{N}eural {N}etwork-{B}ased {A}utomatic {R}econstruction of {M}issing {V}essel {T}rajectory {D}ata}, 
url={http://dx.doi.org/10.1109/icbda.2019.8713215}, 
DOI={10.1109/icbda.2019.8713215}, 
journal={2019 IEEE 4th International 
Conference on Big Data Analytics (ICBDA)}, 
publisher={IEEE}, 
author={Liang, M. and Liu, R. W. and Zhong, Q. and Liu, J. and Zhang, J.}, 
year={2019}, 
month={Mar} }

@article{2016Jiang,
author = {Jiang, X. and Silver, D. and Hu, B. and Souza, E.},
year = {2016},
month = {05},
pages = {33--39},
journal = {Canadian Conference on Artificial Intelligence},
title = {{F}ishing {A}ctivity {D}etection from {A}{I}{S} {D}ata {U}sing {A}utoencoders},
isbn = {978-3-319-34110-1},
doi = {10.1007/978-3-319-34111-8_4}
}

@article{Le2016TrajectoryPO,
  title={{T}rajectory {P}rediction of {V}essels based on {D}ata {M}ining and {M}achine {L}earning},
  author={Le, Q. and Zheng, Z.},
  journal = {Journal of Digital Information Management},
  volume = {14},
  issue = {1},
  pages = {33--40},
  year={2016}, 
}

@article{2019Fahn,
author = {Fahn, C. S. and Ling, J. and Yeh, M. Y. and Huang, P. Y. and Wu, M. L.},
year = {2019},
month = {03},
pages = {29--33},
title = {{A}bnormal {M}aritime {A}ctivity {D}etection in {S}atellite {I}mage {S}equences {U}sing {T}rajectory {F}eatures},
volume = {8},
journal = {International Journal of Future Computer and Communication},
doi = {10.18178/ijfcc.2019.8.1.535}
}

@article{2022Wei, 
title={{M}aritime anomaly detection based on a support vector machine}, 
volume={26}, 
ISSN={1433-7479}, 
url={http://dx.doi.org/10.1007/s00500-022-07409-w}, 
DOI={10.1007/s00500-022-07409-w}, 
number={21}, 
journal={Soft Computing}, 
publisher={Springer Science and Business Media LLC}, 
author={Wei, Z. and Xie, X. and Zhang, X.}, 
year={2022}, 
month={Aug}, 
}

@article{2015Shahir, 
title={{M}aritime situation analysis framework: {V}essel interaction classification and anomaly detection}, 
url={http://dx.doi.org/10.1109/bigdata.2015.7363883}, 
DOI={10.1109/bigdata.2015.7363883}, 
journal={2015 IEEE International Conference on Big Data (Big Data)}, publisher={IEEE}, 
author={Shahir, H. Y. and Glasser, U. and Shahir, A. Y. and Wehn, H.}, 
year={2015}, 
month={Oct} } 

@INPROCEEDINGS{2013Handayani,
  author={Handayani, D. O. D. and Sediono, W. and Shah, A.},
  booktitle={2013 International Conference on Advanced Computer Science Applications and Technologies}, 
  title={{A}nomaly {D}etection in {V}essel {T}racking {U}sing {S}upport {V}ector {M}achines ({S}{V}{M}s)}, 
  year={2013},
  volume={},
  number={},
  pages={213--217},
  doi={10.1109/ACSAT.2013.49}}

@article{2019Hoque,
author = {Hoque, X. and Sharma, S.},
year = {2019},
month = {09},
pages = {862--869},
journal = {Proceedings of ICETIT 2019},
title = {{E}nsembled {D}eep {L}earning {A}pproach for {M}aritime {A}nomaly {D}etection {S}ystem},
isbn = {978-3-030-30576-5},
doi = {10.1007/978-3-030-30577-2_77}
}

@article{zhao_shi_2019, title={{M}aritime {A}nomaly {D}etection using {D}ensity-based {C}lustering and {R}ecurrent {N}eural {N}etwork}, volume={72}, DOI={10.1017/S0373463319000031}, number={4}, journal={The Journal of Navigation}, publisher={Cambridge University Press}, author={Zhao, L. and Shi, G.}, year={2019}, pages={894--916}}

@article{2021Karatas, 
title={{T}rajectory pattern extraction and anomaly detection for maritime vessels}, 
volume={16},
ISSN={2542-6605}, 
url={http://dx.doi.org/10.1016/j.iot.2021.100436}, DOI={10.1016/j.iot.2021.100436}, 
journal={Internet of Things}, 
publisher={Elsevier BV}, 
author={Karatas, G. B. and Karagoz, P. and Ayran, O.}, year={2021}, 
month={Dec}, 
pages={100436} }

@article{2021Mehri, 
title={{A} {C}ontextual {H}ybrid {M}odel for {V}essel {M}ovement {P}rediction},
volume={9}, 
ISSN={2169-3536}, 
url={http://dx.doi.org/10.1109/access.2021.3066463}, 
DOI={10.1109/access.2021.3066463}, 
journal={IEEE Access}, 
publisher={Institute of 
Electrical and Electronics Engineers (IEEE)}, 
author={Mehri, S. and Alesheikh, A. A. and Basiri, A.}, year={2021}, 
}
 
@article{2023Mehri, 
title={{A} context-aware approach for vessels’ trajectory prediction}, 
volume={282}, 
ISSN={0029-8018}, 
url={http://dx.doi.org/10.1016/j.oceaneng.2023.114916}, 
DOI={10.1016/j.oceaneng.2023.114916}, 
journal={Ocean Engineering}, 
publisher={Elsevier BV}, 
author={Mehri, S. and Alesheikh, A. A. and Basiri, A.}, year={2023}, 
month={Aug}, 
pages={114916} } 

@article{2023Wang, 
title={{I}nterval prediction of vessel trajectory based on lower and upper bound estimation and attention-modified {L}{S}{T}{M} with bayesian optimization}, 
volume={630}, 
ISSN={0378-4371}, 
url={http://dx.doi.org/10.1016/j.physa.2023.129275}, 
DOI={10.1016/j.physa.2023.129275}, 
journal={Physica A: Statistical Mechanics and its Applications}, 
publisher={Elsevier BV}, 
author={Wang, Y. and Liu, J. and Liu, R. W. and Wu, W. and Liu, Y.}, 
year={2023}, 
month={Nov}, 
pages={129275} }

@INPROCEEDINGS{2019Young,
  author={Young, D. L.},
  booktitle={2019 IEEE Applied Imagery Pattern Recognition Workshop (AIPR)}, 
  title={{D}eep {N}ets {S}potlight {I}llegal, {U}nreported, {U}nregulated ({I}{U}{U}) {F}ishing}, 
  year={2019},
  volume={},
  number={},
  pages={1--7},
  doi={10.1109/AIPR47015.2019.9174577}}

@INPROCEEDINGS{2017Duca,
  author={Duca, A. L. and Bacciu, C. and Marchetti, A.},
  booktitle={OCEANS 2017 - Aberdeen}, 
  title={{A} {K}-nearest neighbor classifier for ship route prediction}, 
  year={2017},
  volume={},
  number={},
  pages={1--6},
  doi={10.1109/OCEANSE.2017.8084635}}
  
 @article{2019Huang1, title={{I}dentification of anomaly behavior of ships based on {K}{N}{N} and {L}{O}{F} combination algorithm}, ISSN={0094-243X}, url={http://dx.doi.org/10.1063/1.5090744}, DOI={10.1063/1.5090744}, journal={AIP Conference Proceedings}, publisher={Author(s)}, author={Huang, Y. and Zhang, Q.}, year={2019} }

@INPROCEEDINGS{2018Virjonen,
  author={Virjonen, P. and Nevalainen, P. and Pahikkala, T. and Heikkonen, J.},
  booktitle={2018 Baltic Geodetic Congress (BGC Geomatics)}, 
  title={{S}hip {M}ovement {P}rediction {U}sing k-{N}{N} {M}ethod}, 
  year={2018},
  volume={},
  number={},
  pages={304--309},
  doi={10.1109/BGC-Geomatics.2018.00064}}

@article{2020Wang2, 
title={{F}ast and parameter-light rare behavior detection in maritime trajectories}, 
volume={57}, 
ISSN={0306-4573}, 
url={http://dx.doi.org/10.1016/j.ipm.2020.102268}, 
DOI={10.1016/j.ipm.2020.102268}, 
number={5}, 
journal={Information Processing \& Management}, 
publisher={Elsevier BV}, 
author={Wang, F. and Lei, Y. and Liu, Z. and Wang, X. and Ji, S. and Tung, A. K. H.},
year={2020}, 
month={Sep}, 
pages={102268} }
  
@Article{csl-202004-0019,
author="Filjar, Renato
and Sklebar, Ivan
and Horvat, Marko",
title="A {C}omparison of {M}achine {L}earning-{B}ased {I}ndividual {M}obility {C}lassification {M}odels {D}eveloped on {S}ensor {R}eadings from {L}oosely {A}ttached {S}martphones",
journal="{C}ommunications - {S}cientific {L}etters of the {U}niversity of {Z}ilina",
year="2020",
volume="22",
number="4",
pages="153--162",
keywords="mobility classification; smartphone; inertial sensor; statistical learning", 
issn="13354205",
doi="10.26552/com.C.2020.4.153-162",
url="https://komunikacie.uniza.sk/artkey/csl-202004-0019.php",
url="https://doi.org/10.26552/com.C.2020.4.153-162"
}
@ARTICLE{McLean2018-jr,
  title     = "trajr: An {R} package for characterisation of animal
               trajectories",
  author    = "McLean, Donald James and Skowron Volponi, Marta A", 
  journal   = "Ethology",
  publisher = "Wiley",
  volume    =  124,
  number    =  6,
  pages     = "440--448",
  month     =  jun,
  year      =  2018,
  copyright = "http://creativecommons.org/licenses/by/4.0/",
  language  = "en"
}

@article{filjarairplane,
  title={{A}irplane {T}rajectory {R}econstruction and {A}nalysis Using {G}{N}{S}{S}-Based {A}{D}{S}-{B} {D}ata: {W}hat to {D}o with the {O}pen {A}ccess {D}ata {U}sing {O}pen-{S}ource {S}oftware},
  author={Filjar, Renato and Spudi{\'c}, Robert},
year={2023},
month= oct, 
journal = {United Nations/Finland Workshop on the Applications of Global Navigation Satellite Systems}
}

@BOOK{Garcia_Ceja2021-tw,
  title     = "Behavior analysis with machine learning using {R}",
  author    = "Garcia Ceja, Enrique",
  publisher = "Chapman \& Hall/CRC",
  series    = "Chapman \& Hall/CRC The R Series",
  month     =  nov,
  year      =  2021,
  address   = "Philadelphia, PA",
  language  = "en"
}

@Article{Gultepe2019,
author={Gultepe, Ismail
and Sharman, R.
and Williams, Paul D.
and Zhou, Binbin
and Ellrod, G.
and Minnis, P.
and Trier, S.
and Griffin, S.
and Yum, Seong. S.
and Gharabaghi, B.
and Feltz, W.
and Temimi, M.
and Pu, Zhaoxia
and Storer, L. N.
and Kneringer, P.
and Weston, M. J.
and Chuang, Hui-ya
and Thobois, L.
and Dimri, A. P.
and Dietz, S. J.
and Fran{\c{c}}a, Gutemberg B.
and Almeida, M. V.
and Neto, F. L. Albquerque},
title={A {R}eview of {H}igh {I}mpact Weather for {A}viation {M}eteorology},
journal={Pure and Applied Geophysics},
year={2019},
month= may,
day={01},
volume={176},
number={5},
pages={1869-1921}, 
doi={10.1007/s00024-019-02168-6},
url={https://doi.org/10.1007/s00024-019-02168-6}
}



@article{dumenvcic2022trajectory,
  title={Trajectory Analysis of Griffon Vulture in Kvarner Bay},
  author={Dumen{\v{c}}i{\'c}, Stella and {\v{Z}}u{\v{z}}i{\'c}, Lucija and Bre{\v{s}}, Barbara},
  journal={The Journal of CIEES},
  volume={2},
  number={2},
  pages={36--42},
  year={2022}
}

@phdthesis{Makar2022,
    title        = {Analiza putanja zrakoplova korištenjem opažanja iz mreže {O}pen{S}ky {N}etwork},
    author       = {Makar, Domagoj},
    year         = 2022, 
    address      = {Rijeka},
    note         = {Preuzeto s \url{https://urn.nsk.hr/urn:nbn:hr:190:547850}},
    school       = {Sveučilište u Rijeci, Tehnički fakultet},
    type         = {Diplomski rad}
}


@Book{Batschelet1981,
  author    = {Batschelet, Edward},
  publisher = {Academic Press London},
  title     = {Circular statistics in biology},
  year      = {1981},
  address   = {London},
  series    = {Mathematics in biology},
}

@Article{Bovet1988,
  author  = {Pierre Bovet and Simon Benhamou},
  journal = {Journal of Theoretical Biology},
  title   = {Spatial analysis of animals' movements using a correlated random walk model},
  year    = {1988},
  issn    = {0022-5193},
  number  = {4},
  pages   = {419--433},
  volume  = {131},
  doi     = {https://doi.org/10.1016/S0022-5193(88)80038-9},
  url     = {https://www.sciencedirect.com/science/article/pii/S0022519388800389},
}

@Article{Cheung2007,
  author  = {Cheung, Allen and Zhang, Shaowu and Stricker, Christian and Srinivasan, Mandyam V.},
  journal = {Biol Cybern},
  title   = {Animal navigation: the difficulty of moving in a straight line},
  year    = {2007},
  month   = may,
  number  = {1},
  pages   = {47--61},
  volume  = {97},
  address = {Germany},
}

@Article{Kitamura2015,
  author  = {Kitamura, Tasuku and Imafuku, Michio},
  journal = {Proceedings. Biological sciences / The Royal Society},
  title   = {Behavioural mimicry in flight path of {B}atesian intraspecific polymorphic butterfly {P}apilio polytes},
  year    = {2015},
  month   = jun,
  volume  = {282},
  doi     = {10.1098/rspb.2015.0483},
}

@Article{Nams2006,
  author  = {Nams, Vilis},
  journal = {Acta biotheoretica},
  title   = {Improving {A}ccuracy and {P}recision in {E}stimating {F}ractal {D}imension of {A}nimal movement paths},
  year    = {2006},
  month   = feb,
  pages   = {1--11},
  volume  = {54},
  doi     = {10.1007/s10441-006-5954-8},
}

@Article{Turchin1996,
  author    = {Peter Turchin},
  journal   = {Ecology},
  title     = {Fractal {A}nalyses of {A}nimal {M}ovement: {A} {C}ritique},
  year      = {1996},
  number    = {7},
  pages     = {2086--2090},
  volume    = {77},
  publisher = {Ecological Society of America},
  url       = {http://www.jstor.org/stable/2265702},
}

@Article{Tharwat2016,
  author    = {Tharwat, Alaa},
  journal   = {Int. J. Appl. Pattern Recognit.},
  title     = {Linear vs. quadratic discriminant analysis classifier: a tutorial},
  year      = {2016},
  number    = {2},
  pages     = {145},
  volume    = {3},
  publisher = {Inderscience Publishers},
}

@Article{Cover1965,
  author    = {Cover, Thomas M.},
  journal   = {IEEE Trans. Electron. Comput.},
  title     = {Geometrical and statistical properties of systems of linear inequalities with applications in pattern recognition},
  year      = {1965},
  month     = jun,
  number    = {3},
  pages     = {326--334},
  volume    = {EC-14},
  publisher = {Institute of Electrical and Electronics Engineers (IEEE)},
}

@InCollection{Freund1995,
  author    = {Freund, Yoav and Schapire, Robert E.},
  booktitle = {Lecture Notes in Computer Science},
  publisher = {Springer Berlin Heidelberg},
  title     = {A desicion-theoretic generalization of on-line learning and an application to boosting},
  year      = {1995},
  address   = {Berlin, Heidelberg},
  pages     = {23--37},
  series    = {Lecture notes in computer science},
}

@Article{Wyner2017,
  author  = {Abraham J. Wyner and Matthew Olson and Justin Bleich and David Mease},
  journal = {Journal of Machine Learning Research},
  title   = {Explaining the {S}uccess of {A}da{B}oost and {R}andom {F}orests as {I}nterpolating {C}lassifiers},
  year    = {2017},
  number  = {48},
  pages   = {1--33},
  volume  = {18},
  url     = {http://jmlr.org/papers/v18/15-240.html},
}

@InProceedings{Kegl2013,
  author        = {K{\'e}gl, Bal{\'a}zs},
  booktitle     = {International Conference on Learning Representations},
  title         = {The return of {AdaBoost.MH}: multi-class {H}amming trees},
  year          = {2013},
  month         = dec,
  archiveprefix = {arXiv},
  copyright     = {http://arxiv.org/licenses/nonexclusive-distrib/1.0/},
  primaryclass  = {cs.LG},
}

@Misc{Joglekar2016,
  author       = {Sachin Joglekar},
  howpublished = {\url{https://codesachin.wordpress.com/tag/adaboost/}},
  note         = {Pristupljeno 25.01.2024.},
  title        = {A (small) introduction to {B}oosting},
  year         = {2016},
}

@Article{Cybenko1989,
  author  = {Cybenko, G.},
  journal = {Mathematics of Control, Signals and Systems},
  title   = {Approximation by superpositions of a sigmoidal function},
  year    = {1989},
  issn    = {1435-568X},
  month   = dec,
  number  = {4},
  pages   = {303--314},
  volume  = {2},
  day     = {01},
  doi     = {10.1007/BF02551274},
  url     = {https://doi.org/10.1007/BF02551274},
}

@Article{Linnainmaa1976,
  author  = {Linnainmaa, Seppo},
  journal = {BIT Numerical Mathematics},
  title   = {Taylor expansion of the accumulated rounding error},
  year    = {1976},
  issn    = {1572-9125},
  month   = jun,
  number  = {2},
  pages   = {146--160},
  volume  = {16},
  day     = {01},
  doi     = {10.1007/BF01931367},
  url     = {https://doi.org/10.1007/BF01931367},
}

@Article{Kelley1960,
  author    = {Kelley, Henry J.},
  journal   = {ARS J.},
  title     = {Gradient theory of optimal flight paths},
  year      = {1960},
  month     = oct,
  number    = {10},
  pages     = {947--954},
  volume    = {30},
  publisher = {American Institute of Aeronautics and Astronautics (AIAA)},
}

@Book{Rosenblatt1962,
  author    = {Rosenblatt, F.},
  publisher = {Spartan books},
  title     = {Principles of {N}eurodynamics: {P}erceptrons and the {T}heory of {B}rain {M}echanisms},
  year      = {1962},
  series    = {Cornell Aeronautical Laboratory. Report no. VG-1196-G-8},
  lccn      = {62012882},
  url       = {https://books.google.hr/books?id=7FhRAAAAMAAJ},
}

@InBook{Werbos1970,
  author    = {Werbos, Paul},
  pages     = {762--770},
  publisher = {Springer, Berlin, Heidelberg},
  title     = {Applications of advances in nonlinear sensitivity analysis},
  year      = {1970},
  isbn      = {3-540-11691-5},
  month     = jan,
  volume    = {38},
  doi       = {10.1007/BFb0006203},
  journal   = {System Modeling and Optimization},
}

 
@InBook{Rumelhart1987,
  author    = {Rumelhart, David E. and McClelland, James L.},
  pages     = {318--362},
  publisher = {MIT Press},
  title     = {Learning {I}nternal {R}epresentations by {E}rror {P}ropagation},
  year      = {1987},
  booktitle = {Parallel Distributed Processing: Explorations in the Microstructure of Cognition: Foundations},
}

@Book{Hastie2009a,
  author    = {Hastie, Trevor and Tibshirani, Robert and Friedman, Jerome},
  publisher = {Springer},
  title     = {The elements of statistical learning},
  year      = {2009},
  address   = {New York, NY},
  edition   = {Second},
  month     = feb,
  series    = {Springer series in statistics},
}

@Article{Fix1989,
  author    = {Evelyn Fix and J. L. Hodges},
  journal   = {International Statistical Review},
  title     = {Discriminatory {A}nalysis. {N}onparametric {D}iscrimination: {C}onsistency {P}roperties},
  year      = {1989},
  number    = {3},
  pages     = {238--247},
  volume    = {57},
  publisher = {[Wiley, International Statistical Institute (ISI)]},
  url       = {http://www.jstor.org/stable/1403797},
}

@Article{Cover1967,
  author    = {Cover, Thomas M. and Hart, Peter E.},
  journal   = {IEEE Trans. Inf. Theory},
  title     = {Nearest neighbor pattern classification},
  year      = {1967},
  month     = jan,
  number    = {1},
  pages     = {21--27},
  volume    = {13},
  copyright = {https://ieeexplore.ieee.org/Xplorehelp/downloads/license-information/IEEE.html},
  publisher = {Institute of Electrical and Electronics Engineers (IEEE)},
}

 
@InProceedings{AndrettaJaskowiak2011,
  author    = {Andretta Jaskowiak, Pablo and Campello, Ricardo},
  booktitle = {VI Brazilian Symposium on Bioinformatics (BSB2011)},
  title     = {Comparing {C}orrelation {C}oefficients as {D}issimilarity {M}easures for {C}ancer {C}lassification in {G}ene {E}xpression {D}ata},
  year      = {2011},
  month     = aug,
  volume    = {1},
}

@Article{Coomans1982,
  author    = {Coomans, D. and Massart, D. L.},
  journal   = {Anal. Chim. Acta},
  title     = {Alternative k-nearest neighbour rules in supervised pattern recognition},
  year      = {1982},
  pages     = {15--27},
  volume    = {136},
  publisher = {Elsevier BV},
}

@Book{Everitt2011,
  author    = {Everitt, B. S. and Landau, S. and Leese, M. and Stahl, D.},
  publisher = {Wiley},
  title     = {Cluster {A}nalysis},
  year      = {2011},
  isbn      = {9780470978443},
  series    = {Wiley Series in Probability and Statistics},
  lccn      = {2010037932},
  url       = {https://books.google.hr/books?id=w3bE1kqd-48C},
}

 
@Article{Nigsch2006,
  author    = {Nigsch, Florian and Bender, Andreas and van Buuren, Bernd and Tissen, Jos and Nigsch, Eduard and Mitchell, John B. O.},
  journal   = {J. Chem. Inf. Model.},
  title     = {Melting point prediction employing k-nearest neighbor algorithms and genetic parameter optimization},
  year      = {2006},
  month     = nov,
  number    = {6},
  pages     = {2412--2422},
  volume    = {46},
  publisher = {American Chemical Society (ACS)},
}

@Article{Hall2008,
  author    = {Hall, Peter and Park, Byeong U. and Samworth, Richard J.},
  journal   = {Ann. Stat.},
  title     = {Choice of neighbor order in nearest-neighbor classification},
  year      = {2008},
  month     = oct,
  number    = {5},
  pages     = {2135--2152},
  volume    = {36},
  publisher = {Institute of Mathematical Statistics},
}

@InProceedings{Ho1995,
  author    = {Tin Kam Ho},
  booktitle = {Proceedings of 3rd International Conference on Document Analysis and Recognition},
  title     = {Random decision forests},
  year      = {1995},
  pages     = {278--282},
  volume    = {1},
  doi       = {10.1109/ICDAR.1995.598994},
}

@Article{Ho1998,
  author    = {Ho, Tin Kam},
  journal   = {IEEE Trans. Pattern Anal. Mach. Intell.},
  title     = {The random subspace method for constructing decision forests},
  year      = {1998},
  number    = {8},
  pages     = {832--844},
  volume    = {20},
  copyright = {https://ieeexplore.ieee.org/Xplorehelp/downloads/license-information/IEEE.html},
  publisher = {Institute of Electrical and Electronics Engineers (IEEE)},
}

@Article{Kleinberg1990,
  author    = {Kleinberg, E. M.},
  journal   = {Annals of Mathematics and Artificial Intelligence},
  title     = {Stochastic discrimination},
  year      = {1990},
  month     = sep,
  number    = {1-4},
  pages     = {207--239},
  volume    = {1},
  publisher = {Springer Science and Business Media LLC},
}

@Article{Kleinberg1996,
  author    = {Kleinberg, E. M.},
  journal   = {Ann. Stat.},
  title     = {An overtraining-resistant stochastic modeling method for pattern recognition},
  year      = {1996},
  month     = dec,
  number    = {6},
  pages     = {2319--2349},
  volume    = {24},
  publisher = {Institute of Mathematical Statistics},
}

@Article{Kleinberg2000,
  author    = {Kleinberg, E. M.},
  journal   = {IEEE Trans. Pattern Anal. Mach. Intell.},
  title     = {On the algorithmic implementation of stochastic discrimination},
  year      = {2000},
  month     = may,
  number    = {5},
  pages     = {473--490},
  volume    = {22},
  copyright = {https://ieeexplore.ieee.org/Xplorehelp/downloads/license-information/IEEE.html},
  publisher = {Institute of Electrical and Electronics Engineers (IEEE)},
}

@Article{Breiman2001,
  author    = {Breiman, Leo},
  journal   = {Machine Learning},
  title     = {Random {F}orests},
  year      = {2001},
  number    = {1},
  pages     = {5--32},
  volume    = {45},
  publisher = {Springer Nature},
}

@Misc{LeoBreiman2022,
  author       = {Leo Breiman, Adele Cutler},
  howpublished = {\url{https://cran.r-project.org/web/packages/randomForest/randomForest.pdf}},
  note         = {Pristupljeno 25.01.2024.},
  title        = {{B}reiman and {C}utler's {R}andom {F}orests for {C}lassification and {R}egression},
  year         = {2022},
}

@Article{Amit1997,
  author    = {Amit, Yali and Geman, Donald},
  journal   = {Neural Comput.},
  title     = {Shape quantization and recognition with randomized trees},
  year      = {1997},
  month     = oct,
  number    = {7},
  pages     = {1545--1588},
  volume    = {9},
  publisher = {MIT Press - Journals},
}

@Article{Studer2011,
  author    = {Studer, Matthias and Ritschard, Gilbert and Gabadinho, Alexis and M{\"u}ller, Nicolas S.},
  journal   = {Sociol. Methods Res.},
  title     = {Discrepancy analysis of state sequences},
  year      = {2011},
  month     = aug,
  number    = {3},
  pages     = {471--510},
  volume    = {40},
  publisher = {SAGE Publications},
}

@Article{Wu2008,
  author    = {Wu, Xindong and Kumar, Vipin and Quinlan, Ross J. and Ghosh, Joydeep and Yang, Qiang and Motoda, Hiroshi and McLachlan, Geoffrey J. and Ng, Angus and Liu, Bing and Yu, Philip S. and Zhou, Zhi-Hua and Steinbach, Michael and Hand, David J. and Steinberg, Dan},
  journal   = {Knowl. Inf. Syst.},
  title     = {Top 10 algorithms in data mining},
  year      = {2008},
  month     = jan,
  number    = {1},
  pages     = {1--37},
  volume    = {14},
  publisher = {Springer Science and Business Media LLC},
}

@Article{Quinlan1986,
  author    = {Quinlan, J. R.},
  journal   = {Mach. Learn.},
  title     = {Induction of decision trees},
  year      = {1986},
  month     = mar,
  number    = {1},
  pages     = {81--106},
  volume    = {1},
  publisher = {Springer Science and Business Media LLC},
}

@Misc{Exchange2018,
  author       = {Cross Validated Stack Exchange},
  howpublished = {\url{https://stats.stackexchange.com/questions/379383/why-does-naive-bayes-work-better-when-the-number-of-features-sample-size-comp}},
  note         = {Pristupljeno 25.01.2024.},
  title        = {{W}hy does {N}aive {B}ayes work better when the number of features >> sample size compared to more sophisticated {M}{L} algorithms? --- stats.stackexchange.com},
  year         = {2018},
}

@Misc{developers2023,
  author       = {scikit-learn developers},
  howpublished = {\url{http://scikit-learn.org/stable/modules/svm.html}},
  note         = {Pristupljeno 25.01.2024.},
  title        = {1.4. {S}upport {V}ector {M}achines --- scikit-learn.org},
  year         = {2023},
}

@Misc{stackexchange,
  howpublished = {\url{https://math.stackexchange.com/questions/1305925/why-is-the-svm-margin-equal-to-frac2-mathbfw}},
  note         = {Pristupljeno 25.01.2024.},
  title        = {{W}hy is the {S}{V}{M} margin equal to 2/w? --- math.stackexchange.com},
}

@misc{boxplot, 
	title = {boxplot function - {R}{D}ocumentation --- rdocumentation.org},
	howpublished = {\url{https://rdocumentation.org/packages/graphics/versions/3.6.2/topics/boxplot}}, 
  note = {Pristupljeno 25.01.2024.},
}

@misc{quantile, 
	title = {quantile function - {R}{D}ocumentation --- rdocumentation.org},
	howpublished = {\url{https://www.rdocumentation.org/packages/stats/versions/3.6.2/topics/quantile}}, 
  note = {Pristupljeno 25.01.2024.},
}

@misc{scale, 
	title = {scale function - {R}{D}ocumentation --- rdocumentation.org},
	howpublished = {\url{https://www.rdocumentation.org/packages/base/versions/3.6.2/topics/scale}}, 
  note = {Pristupljeno 25.01.2024.},
}

@misc{density, 
	title = {density function - {R}{D}ocumentation --- rdocumentation.org},
	howpublished = {\url{https://www.rdocumentation.org/packages/stats/versions/3.6.2/topics/density}},
  note = {Pristupljeno 25.01.2024.},
}

@misc{hist, 
	title = {hist function - {R}{D}ocumentation --- rdocumentation.org},
	howpublished = {\url{https://www.rdocumentation.org/packages/graphics/versions/3.6.2/topics/hist}}, 
  note = {Pristupljeno 25.01.2024.},
}

@Misc{svm,
  howpublished = {\url{https://www.rdocumentation.org/packages/e1071/versions/1.7-14/topics/svm}},
  note         = {Pristupljeno 25.01.2024.},
  title        = {svm function - {R}{D}ocumentation --- rdocumentation.org},
}

@Misc{gausspr,
  howpublished = {\url{https://www.rdocumentation.org/packages/kernlab/versions/0.9-32/topics/gausspr}},
  note         = {Pristupljeno 25.01.2024.},
  title        = {gausspr function - {R}{D}ocumentation --- rdocumentation.org},
}

@Misc{rpart,
  howpublished = {\url{https://www.rdocumentation.org/packages/rpart/versions/4.1.23/topics/rpart}},
  note         = {Pristupljeno 25.01.2024.},
  title        = {rpart function - {R}{D}ocumentation --- rdocumentation.org},
}
  
@Misc{rpart.plot,
  howpublished = {\url{https://www.rdocumentation.org/packages/rpart.plot/versions/3.1.1/topics/rpart.plot}},
  note         = {Pristupljeno 25.01.2024.},
  title        = {rpart.plot function - {R}{D}ocumentation --- rdocumentation.org},
}

@Misc{randomForest,
  howpublished = {\url{https://www.rdocumentation.org/packages/randomForest/versions/4.7-1.1/topics/randomForest}},
  note         = {Pristupljeno 25.01.2024.},
  title        = {random{F}orest function - {R}{D}ocumentation --- rdocumentation.org},
}

@Misc{gaussian_naive_bayes,
  howpublished = {\url{https://www.rdocumentation.org/packages/naivebayes/versions/0.9.7/topics/gaussian_naive_bayes}},
  note         = {Pristupljeno 25.01.2024.},
  title        = {gaussian naive bayes function - {R}{D}ocumentation --- rdocumentation.org},
}

  
@Misc{adaboost,
  howpublished = {\url{https://www.rdocumentation.org/packages/JOUSBoost/versions/2.1.0/topics/adaboost}},
  note         = {Pristupljeno 25.01.2024.},
  title        = {adaboost function - {R}{D}ocumentation --- rdocumentation.org},
}

@Misc{qda,
  howpublished = {\url{https://www.rdocumentation.org/packages/MASS/versions/7.3-58.3/topics/qda}},
  note         = {Pristupljeno 25.01.2024.},
  title        = {qda function - {R}{D}ocumentation --- rdocumentation.org},
}

@Misc{MLP,
  howpublished = {\url{https://search.r-project.org/CRAN/refmans/fdm2id/html/MLP.html}},
  note         = {Pristupljeno 25.01.2024.},
  title        = {{R}: {C}lassification using {M}ultilayer {P}erceptron --- search.r-project.org},
}

@Article{Mandelbrot1967,
  author    = {Benoit Mandelbrot},
  journal   = {Science},
  title     = {{H}ow {L}ong {I}s the {C}oast of {B}ritain? {S}tatistical {S}elf-{S}imilarity and {F}ractional {D}imension},
  year      = {1967},
  number    = {3775},
  pages     = {636--638},
  volume    = {156},
  publisher = {American Association for the Advancement of Science},
  url       = {http://www.jstor.org/stable/1721427},
}

@Book{MacKay2003,
  author    = {MacKay, David J. C.},
  publisher = {Cambridge University Press},
  title     = {Information theory, inference and learning algorithms},
  year      = {2003},
  address   = {Cambridge, England},
  month     = sep,
}

@Book{Dudley1989,
  author    = {Dudley, R. M.},
  publisher = {Kluwer Academic},
  title     = {{R}eal {A}nalysis and {P}robability},
  year      = {1989},
  address   = {Dordrecht, Netherlands},
  month     = mar,
}

@Book{Lapidoth2017,
  author  = {Lapidoth, Amos},
  title   = {{A} {F}oundation in {D}igital {C}ommunication},
  year    = {2017},
  address = {Cambridge, England},
  publisher = {Cambridge University Press},
  edition = {Second},
  month   = feb,
}

@Article{Kac1947,
  author    = {Kac, M. and Siegert, A. J. F.},
  journal   = {Ann. Math. Stat.},
  title     = {An explicit representation of a stationary {G}aussian process},
  year      = {1947},
  month     = sep,
  number    = {3},
  pages     = {438--442},
  volume    = {18},
  publisher = {Institute of Mathematical Statistics},
}

@Book{Bishop2006,
  author    = {Bishop, Martin Christopher},
  publisher = {Springer},
  title     = {Pattern {R}ecognition and {M}achine {L}earning},
  year      = {2006},
  address   = {New York, NY},
  edition   = {First},
  month     = aug,
  series    = {Information Science and Statistics},
}

@Book{Barber2012,
  author    = {Barber, David},
  publisher = {Cambridge University Press},
  title     = {Bayesian reasoning and machine learning},
  year      = {2012},
  address   = {Cambridge, England},
  month     = feb,
}

@Book{Rasmussen2005,
  author    = {Rasmussen, Carl Edward and Williams, Christopher K. I.},
  publisher = {MIT Press},
  title     = {Gaussian processes for machine learning},
  year      = {2005},
  address   = {London, England},
  month     = nov,
  series    = {Adaptive Computation and Machine Learning series},
}

@Book{Grimmett2001,
  author    = {Grimmett, Geoffrey and Stirzaker, David},
  publisher = {Oxford University Press},
  title     = {Probability and random processes},
  year      = {2001},
  address   = {London, England},
  edition   = {Third},
  month     = may,
}

@Book{Liu2010,
  author    = {Liu, Weifeng and Principe, Jose C. and Haykin, Simon S.},
  publisher = {Wiley-Blackwell},
  title     = {{K}ernel adaptive filtering},
  year      = {2010},
  address   = {Hoboken, NJ},
  month     = feb,
  series    = {Adaptive and Cognitive Dynamic Systems: Signal Processing, Learning, Communications and Control},
}

@Book{Alvarez2012,
  author    = {{\'A}lvarez, Mauricio A. and Rosasco, Lorenzo and Lawrence, Neil D.},
  publisher = {Now Publishers},
  title     = {{K}ernels for vector-valued functions: {A} review},
  year      = {2012}, 
  volume    = {4},
  pages     = {195--266},
}

@Article{Chen2020,
  author    = {Chen, Zexun and Wang, Bo and Gorban, Alexander N.},
  journal   = {Neural Comput. Appl.},
  title     = {Multivariate {G}aussian and {S}tudent-t process regression for multi-output prediction},
  year      = {2020},
  month     = apr,
  number    = {8},
  pages     = {3005--3028},
  volume    = {32},
  copyright = {https://creativecommons.org/licenses/by/4.0},
  publisher = {Springer Science and Business Media LLC},
}

@book{Stein1999,
author = {Stein, M. L.},
year = {1999},
title = {Interpolation of {S}patial {D}ata: {S}ome {T}heory for {K}riging},
publisher = {Springer, New York},
ISBN = {0-387-98629-4}, 
}

@Article{Platanios2014,
  author    = {Platanios, Emmanouil A. and Chatzis, Sotirios P.},
  journal   = {IEEE Trans. Pattern Anal. Mach. Intell.},
  title     = {Gaussian process-mixture conditional heteroscedasticity},
  year      = {2014},
  month     = may,
  number    = {5},
  pages     = {888--900},
  volume    = {36},
  copyright = {https://ieeexplore.ieee.org/Xplorehelp/downloads/license-information/IEEE.html},
  publisher = {Institute of Electrical and Electronics Engineers (IEEE)},
}

@Article{Chatzis2013,
  author    = {Chatzis, Sotirios P.},
  journal   = {Neurocomputing},
  title     = {{A} latent variable {G}aussian process model with {P}itman--{Y}or process priors for multiclass classification},
  year      = {2013},
  month     = nov,
  pages     = {482--489},
  volume    = {120},
  publisher = {Elsevier BV},
}

@Misc{Griffiths2022,
  author    = {Griffiths, Ryan-Rhys},
  title     = {{A}pplications of {G}aussian processes at extreme lengthscales: {F}rom molecules to black holes},
  year      = {2022},
  publisher = {Apollo - University of Cambridge Repository},
}

@Article{Williams1998,
  author={Williams, C. K. I. and Barber, D.},
  journal={IEEE Transactions on Pattern Analysis and Machine Intelligence}, 
  title={{B}ayesian classification with {G}aussian processes}, 
  year={1998},
  volume={20},
  number={12},
  pages={1342--1351},
  doi={10.1109/34.735807}}

@Book{Breiman1984,
  title={{C}lassification and {R}egression {T}rees},
  author={Breiman, L. and Friedman, J. and Stone, C. J. and Olshen, R. A.},
  isbn={9780412048418},
  lccn={83019708},
  url={https://books.google.hr/books?id=JwQx-WOmSyQC},
  year={1984},
  publisher={Taylor \& Francis}
}
  
@Misc{Breiman2002,
	author = {Breiman, Leo},
	title = {{M}anual On {S}etting {U}p, {U}sing, {A}nd {U}nderstanding {R}andom {F}orests {V}3.1'},
	howpublished = {\url{https://www.stat.berkeley.edu/~breiman/Using_random_forests_V3.1.pdf}},
	year = {2002}, 
        note = {Pristupljeno 25.01.2024.},
}

@article{Freund1997,
title = {{A} {D}ecision-{T}heoretic {G}eneralization of {O}n-{L}ine {}Learning and an {A}pplication to {B}oosting},
journal = {Journal of Computer and System Sciences},
volume = {55},
number = {1},
pages = {119-139},
year = {1997},
issn = {0022-0000},
doi = {https://doi.org/10.1006/jcss.1997.1504},
url = {https://www.sciencedirect.com/science/article/pii/S002200009791504X},
author = {Yoav Freund and Robert E Schapire}, 
}
@misc{rgl,
	author = {Duncan Murdoch},
	title = {rgl {O}verview --- cran.r-project.org},
	howpublished = {\url{https://cran.r-project.org/web/packages/rgl/vignettes/rgl.html}}, 
	note = {Pristupljeno 25.01.2024.},
}

@book{Ripley1996, 
place={Cambridge}, 
title={{P}attern {R}ecognition and {N}eural {N}etworks}, 
DOI={10.1017/CBO9780511812651}, 
publisher={Cambridge University Press},
author={Ripley, Brian D.}, 
year={1996}
}

@book{Venables2002,
author = {Venables, Bill and Ripley, B.},
year = {2002},
month = {01}, 
title = {Modern Applied Statistics With S},
publisher = {Springer},
doi = {10.1007/b97626}
}

@Misc{nnet,
	author = {},
	title = {{R}: {F}it {N}eural {N}etworks --- search.r-project.org},
	howpublished = {\url{https://search.r-project.org/CRAN/refmans/nnet/html/nnet.html}},
	year = {},
	note = {Pristupljeno 25.01.2024.},
}

@article{Chang2007,
author = {Chang, Chih-Chung and Lin, Chih-Jen},
year = {2007},
month = {07},
pages = {},
title = {{LIBSVM}: {A} library for support vector machines},
volume = {2},
journal = {ACM Transactions on Intelligent Systems and Technology}
}

@article{DBLP:journals/jmlr/FanCL05,
  author       = {Rong{-}En Fan and
                  Pai{-}Hsuen Chen and
                  Chih{-}Jen Lin},
  title        = {{W}orking {S}et {S}election {U}sing {S}econd {O}rder {I}nformation for {T}raining
                  {S}upport {V}ector {M}achines},
  journal      = {J. Mach. Learn. Res.},
  volume       = {6},
  pages        = {1889--1918},
  year         = {2005},
  url          = {http://jmlr.org/papers/v6/fan05a.html},
  timestamp    = {Wed, 10 Jul 2019 15:27:58 +0200},
  biburl       = {https://dblp.org/rec/journals/jmlr/FanCL05.bib},
  bibsource    = {dblp computer science bibliography, https://dblp.org}
}
 

@Misc{knn3,
	author = {},
	title = {{R}: k-{N}earest {N}eighbour {C}lassification --- search.r-project.org},
	howpublished = {\url{https://search.r-project.org/CRAN/refmans/caret/html/knn3.html}},
	year = {}, 
	note = {Pristupljeno 25.01.2024.},
}

@Misc{train,
	author = {},
	title = {train: {F}it {P}redictive {M}odels over {D}ifferent {T}uning {P}arameters in caret: {C}lassification and {R}egression {T}raining --- rdrr.io},
	howpublished = {\url{https://rdrr.io/cran/caret/man/train.html}},
	year = {},
	note = {Pristupljeno 25.01.2024.},
}

@Misc{ipredknn,
	author = {},
	title = {ipredknn function - {R}{D}ocumentation --- rdocumentation.org},
	howpublished = {\url{https://www.rdocumentation.org/packages/ipred/versions/0.9-14/topics/ipredknn}},
	year = {},
	note = {Pristupljeno 25.01.2024.},
}

@Misc{knn,
	author = {},
	title = {knn function - {R}{D}ocumentation --- rdocumentation.org},
	howpublished = {\url{https://www.rdocumentation.org/packages/class/versions/7.3-22/topics/knn}},
	year = {},
	note = {Pristupljeno 25.01.2024.},
}

@Misc{lm,
	author = {},
	title = {lm function - {R}{D}ocumentation --- rdocumentation.org},
	howpublished = {\url{https://www.rdocumentation.org/packages/stats/versions/3.6.2/topics/lm}},
	year = {},
	note = {Pristupljeno 25.01.2024.},
}

# PLS

@article{wold2001pls,
  title={{P}{L}{S}-regression: a basic tool of chemometrics},
  author={Wold, Svante and Sj{\"o}str{\"o}m, Michael and Eriksson, Lennart},
  journal={Chemometrics and intelligent laboratory systems},
  volume={58},
  number={2},
  pages={109--130},
  year={2001},
  publisher={Elsevier}
}

@article{abdi2010partial,
  title={Partial least squares regression and projection on latent structure regression ({P}{L}{S} Regression)},
  author={Abdi, Herv{\'e}},
  journal={Wiley interdisciplinary reviews: computational statistics},
  volume={2},
  number={1},
  pages={97--106},
  year={2010},
  publisher={Wiley Online Library}
}

@misc{youtubeYouTube,
	author = {Asada, Harry},
	title = {Fall {T}erm ({A}Y 2020-2021) - 2.160 {I}dentification, {E}stim, \& {L}earn {L}ecture 6: {P}artial {L}east {S}quares {R}egression},
	howpublished = {\url{https://www.youtube.com/watch?v=Px2otK2nZ1c&t=46s}},
	year = {2020},
	note = {[Accessed 26-09-2024]},
}

@article{lindgren1993kernel,
  title={The kernel algorithm for {P}{L}{S}},
  author={Lindgren, Fredrik and Geladi, Paul and Wold, Svante},
  journal={Journal of Chemometrics},
  volume={7},
  number={1},
  pages={45--59},
  year={1993},
  publisher={Wiley Online Library}
}

@article{de1994comments,
  title={Comments on the {P}{L}{S} kernel algorithm},
  author={De Jong, Sijmen and Ter Braak, Cajo JF},
  journal={Journal of chemometrics},
  volume={8},
  number={2},
  pages={169--174},
  year={1994},
  publisher={Wiley Online Library}
}

@article{dayal1997improved,
  title={Improved {P}{L}{S} algorithms},
  author={Dayal, Bhupinder S and MacGregor, John F},
  journal={Journal of Chemometrics: A Journal of the Chemometrics Society},
  volume={11},
  number={1},
  pages={73--85},
  year={1997},
  publisher={Wiley Online Library}
}

@article{de1993simpls,
  title={{S}{I}{M}{P}{L}{S}: an alternative approach to partial least squares regression},
  author={De Jong, Sijmen},
  journal={Chemometrics and intelligent laboratory systems},
  volume={18},
  number={3},
  pages={251--263},
  year={1993},
  publisher={Elsevier}
}

@article{rannar1994pls,
  title={A {P}{L}{S} kernel algorithm for data sets with many variables and fewer objects. {P}art 1: {T}heory and algorithm},
  author={R{\"a}nnar, Stefan and Lindgren, Fredrik and Geladi, Paul and Wold, Svante},
  journal={Journal of Chemometrics},
  volume={8},
  number={2},
  pages={111--125},
  year={1994},
  publisher={Wiley Online Library}
}

@article{hoskuldsson1988pls,
  title={PLS regression methods},
  author={H{\"o}skuldsson, Agnar},
  journal={Journal of chemometrics},
  volume={2},
  number={3},
  pages={211--228},
  year={1988},
  publisher={Wiley Online Library}
}

# PCA

@article{jolliffe2016principal,
  title={Principal component analysis: a review and recent developments},
  author={Jolliffe, Ian T and Cadima, Jorge},
  journal={Philosophical transactions of the royal society A: Mathematical, Physical and Engineering Sciences},
  volume={374},
  number={2065},
  pages={20150202},
  year={2016},
  publisher={the Royal Society publishing}
}

@article{barnett1987origins,
  title={Origins and levels of monthly and seasonal forecast skill for United States surface air temperatures determined by canonical correlation analysis},
  author={Barnett, TP and Preisendorfer, R},
  journal={Monthly Weather Review},
  volume={115},
  number={9},
  pages={1825--1850},
  year={1987},
  publisher={American Meteorological Society}
}

@article{hsu2012spectral,
  title={A spectral algorithm for learning hidden Markov models},
  author={Hsu, Daniel and Kakade, Sham M and Zhang, Tong},
  journal={Journal of Computer and System Sciences},
  volume={78},
  number={5},
  pages={1460--1480},
  year={2012},
  publisher={Elsevier}
}

@article{markopoulos2017efficient,
  title={Efficient {L}1-norm principal-component analysis via bit flipping},
  author={Markopoulos, Panos P and Kundu, Sandipan and Chamadia, Shubham and Pados, Dimitris A},
  journal={IEEE Transactions on Signal Processing},
  volume={65},
  number={16},
  pages={4252--4264},
  year={2017},
  publisher={IEEE}
}

@article{chachlakis2019l1,
  title={L1-norm Tucker tensor decomposition},
  author={Chachlakis, Dimitris G and Prater-Bennette, Ashley and Markopoulos, Panos P},
  journal={IEEE Access},
  volume={7},
  pages={178454--178465},
  year={2019},
  publisher={IEEE}
}

@article{markopoulos2014optimal,
  title={Optimal algorithms for ${L}\_$\{$1$\}$ $-subspace signal processing},
  author={Markopoulos, Panos P and Karystinos, George N and Pados, Dimitris A},
  journal={IEEE Transactions on Signal Processing},
  volume={62},
  number={19},
  pages={5046--5058},
  year={2014},
  publisher={IEEE}
}

@article{zhan2015robust,
  title={Robust {P}{C}{A} with partial subspace knowledge},
  author={Zhan, Jinchun and Vaswani, Namrata},
  journal={IEEE Transactions on Signal Processing},
  volume={63},
  number={13},
  pages={3332--3347},
  year={2015},
  publisher={IEEE}
}

@inproceedings{ke2005robust,
  title={Robust l/sub 1/norm factorization in the presence of outliers and missing data by alternative convex programming},
  author={Ke, Qifa and Kanade, Takeo},
  booktitle={2005 IEEE Computer Society Conference on Computer Vision and Pattern Recognition (CVPR'05)},
  volume={1},
  pages={739--746},
  year={2005},
  organization={IEEE}
}

@article{pearson1901liii,
  title={{L}{I}{I}{I}. On lines and planes of closest fit to systems of points in space},
  author={Pearson, Karl},
  journal={The London, Edinburgh, and Dublin philosophical magazine and journal of science},
  volume={2},
  number={11},
  pages={559--572},
  year={1901},
  publisher={Taylor \& Francis}
}

@article{hotelling1933analysis,
  title={Analysis of a complex of statistical variables into principal components.},
  author={Hotelling, Harold},
  journal={Journal of educational psychology},
  volume={24},
  number={6},
  pages={417},
  year={1933},
  publisher={Warwick \& York}
}

@incollection{hotelling1992relations,
  title={Relations between two sets of variates},
  author={Hotelling, Harold},
  booktitle={Breakthroughs in statistics: methodology and distribution},
  pages={162--190},
  year={1992},
  publisher={Springer}
}

@article{stewart1993early,
  title={On the early history of the singular value decomposition},
  author={Stewart, Gilbert W},
  journal={SIAM review},
  volume={35},
  number={4},
  pages={551--566},
  year={1993},
  publisher={SIAM}
}

@misc{jolliffe2002principal,
  title={Principal Component Analysis (Springer Series in Statistics), Springer},
  author={Jolliffe, IT},
  year={2002}
}

@article{bengio2013representation,
  title={Representation learning: A review and new perspectives},
  author={Bengio, Yoshua and Courville, Aaron and Vincent, Pascal},
  journal={IEEE transactions on pattern analysis and machine intelligence},
  volume={35},
  number={8},
  pages={1798--1828},
  year={2013},
  publisher={IEEE}
}

@article{forkman2019hypothesis,
  title={Hypothesis tests for principal component analysis when variables are standardized},
  author={Forkman, Johannes and Josse, Julie and Piepho, Hans-Peter},
  journal={Journal of Agricultural, Biological and Environmental Statistics},
  volume={24},
  pages={289--308},
  year={2019},
  publisher={Springer}
}

# LDA

@misc{towardsdatascienceLinearDiscriminant,
	author = {Frederik Holtel},
	title = {{L}inear {D}iscriminant {A}nalysis ({L}{D}{A}) {C}an {B}e {S}o {E}asy --- towardsdatascience.com},
	howpublished = {\url{https://towardsdatascience.com/linear-discriminant-analysis-lda-can-be-so-easy-b3f46e32f982}},
	year = {},
	note = {[Accessed 26-09-2024]},
}

@article{fisher1936use,
  title={The use of multiple measurements in taxonomic problems},
  author={Fisher, Ronald A},
  journal={Annals of eugenics},
  volume={7},
  number={2},
  pages={179--188},
  year={1936},
  publisher={Wiley Online Library}
}

@book{mclachlan2005discriminant,
  title={Discriminant analysis and statistical pattern recognition},
  author={McLachlan, Geoffrey J},
  year={2005},
  publisher={John Wiley \& Sons}
}

@book{wetcher2011analyzing,
  title={Analyzing quantitative data: An introduction for social researchers},
  author={Wetcher-Hendricks, Debra},
  year={2011},
  publisher={John Wiley \& Sons}
}

@article{martinez2001pca,
  title={{P}{C}{A} versus {L}{D}{A}},
  author={Martinez, Aleix M and Kak, Avinash C},
  journal={IEEE transactions on pattern analysis and machine intelligence},
  volume={23},
  number={2},
  pages={228--233},
  year={2001},
  publisher={IEEE}
}

@misc{abdi2007discriminant,
  title={Discriminant correspondence analysis},
  author={Abdi, Herv{\'e}},
  journal={Encyclopedia of measurement and statistics},
  volume={2007},
  pages={1--10},
  year={2007},
  publisher={Sage Thousand Oaks, CA}
}

@article{perriere2003use,
  title={Use of correspondence discriminant analysis to predict the subcellular location of bacterial proteins},
  author={Perriere, Guy and Thioulouse, Jean},
  journal={Computer Methods and Programs in Biomedicine},
  volume={70},
  number={2},
  pages={99--105},
  year={2003},
  publisher={Elsevier}
}

@article{cokluk2008discriminant,
  title={Discriminant function analysis: concept and application},
  author={Cokluk, B{\"o}keo{\u{g}}lu and Buyukozturk, S},
  journal={E{\u{g}}itim ara{\c{s}}t{\i}rmalar{\i} dergisi},
  volume={33},
  pages={73--92},
  year={2008}
}

@book{cohen2013applied,
  title={Applied multiple regression/correlation analysis for the behavioral sciences},
  author={Cohen, Jacob and Cohen, Patricia and West, Stephen G and Aiken, Leona S},
  year={2013},
  publisher={Routledge}
}

@misc{hansen2005using,
  title={Using {S}{P}{S}{S} for windows and macintosh: analyzing and understanding data},
  author={Hansen, John},
  year={2005},
  publisher={Taylor \& Francis}
}

@book{venables2013modern,
  title={Modern applied statistics with {S}-{P}{L}{U}{S}},
  author={Venables, William N and Ripley, Brian D},
  year={2013},
  publisher={Springer Science \& Business Media}
}

@article{lachenbruch1979discriminant,
  title={Discriminant analysis},
  author={Lachenbruch, Peter A and Goldstein, Matthew},
  journal={Biometrics},
  pages={69--85},
  year={1979},
  publisher={JSTOR}
}

@book{klecka1980discriminant,
  title={Discriminant analysis},
  author={Klecka, William R},
  year={1980},
  publisher={Sage}
}

@book{Hrdle2003AppliedMS,
  title={Applied {M}ultivariate {S}tatistical {A}nalysis},
  author={Wolfgang Karl H{\"a}rdle and L{\'e}opold Simar},
  year={2003},
  url={https://api.semanticscholar.org/CorpusID:39123297},
  publisher = {MD Tech}
}

@misc{archive765Discriminant,
	author = {Garson, G. D.},
	title = {{P}{A} 765: {D}iscriminant {F}unction {A}nalysis --- web.archive.org},
	howpublished = {\url{https://web.archive.org/web/20080312065328/http://www2.chass.ncsu.edu/garson/pA765/discrim.htm}},
	year = {2008},
	note = {[Accessed 26-09-2024]},
}

@article{israel2006performance,
  title={Performance metrics: how and when},
  author={Israel, Steven A},
  journal={Geocarto International},
  volume={21},
  number={2},
  pages={23--32},
  year={2006},
  publisher={Taylor \& Francis}
}

@article{rao1948utilization,
  title={The utilization of multiple measurements in problems of biological classification},
  author={Rao, C Radhakrishna},
  journal={Journal of the Royal Statistical Society. Series B (Methodological)},
  volume={10},
  number={2},
  pages={159--203},
  year={1948},
  publisher={JSTOR}
}

# FDA

@article{hallgren2019species,
  title={Species distribution models can be highly sensitive to algorithm configuration},
  author={Hallgren, W and Santana, F and Low-Choy, S and Zhao, Y and Mackey, B},
  journal={Ecological Modelling},
  volume={408},
  pages={108719},
  year={2019},
  publisher={Elsevier}
}

@article{reynes2006choice,
  title={Choice of {B}-splines with free parameters in the flexible discriminant analysis context},
  author={Reyn{\`e}s, Christelle and Sabatier, Robert and Molinari, Nicolas},
  journal={Computational statistics \& data analysis},
  volume={51},
  number={3},
  pages={1765--1778},
  year={2006},
  publisher={Elsevier}
}

@article{thuiller2016ensemble,
  title={Ensemble platform for species distribution modeling},
  author={Thuiller, Wilfried and Georges, Damien and Engler, Robin and Breiner, F},
  journal={R Package Version},
  pages={3--1},
  year={2016}
}
@article{arenas2018assessing,
  title={Assessing the multi-scale predictive ability of ecosystem functional attributes for species distribution modelling},
  author={Arenas-Castro, Salvador and Goncalves, Joao and Alves, Paulo and Alcaraz-Segura, Domingo and Honrado, Joao P},
  journal={PLoS One},
  volume={13},
  number={6},
  pages={e0199292},
  year={2018},
  publisher={Public Library of Science San Francisco, CA USA}
}

@article{phillips2017applying,
  title={Applying species distribution modelling to a data poor, pelagic fish complex: the ocean sunfishes},
  author={Phillips, Natasha D and Reid, Neil and Thys, Tierney and Harrod, Chris and Payne, Nicholas L and Morgan, Cheryl A and White, Hannah J and Porter, Siobh{\'a}n and Houghton, Jonathan DR},
  journal={Journal of biogeography},
  volume={44},
  number={10},
  pages={2176--2187},
  year={2017},
  publisher={Wiley Online Library}
}

@article{quillfeldt2017influence,
  title={Influence of device accuracy and choice of algorithm for species distribution modelling of seabirds: a case study using black-browed albatrosses},
  author={Quillfeldt, Petra and Engler, Jan O and Silk, Janet RD and Phillips, Richard A},
  journal={Journal of Avian Biology},
  volume={48},
  number={12},
  pages={1549--1555},
  year={2017},
  publisher={Wiley Online Library}
}

@article{zhang2019using,
  title={Using species distribution model to predict the impact of climate change on the potential distribution of {J}apanese whiting {S}illago japonica},
  author={Zhang, Zhixin and Xu, Shengyong and Capinha, C{\'e}sar and Weterings, Robbie and Gao, Tianxiang},
  journal={Ecological Indicators},
  volume={104},
  pages={333--340},
  year={2019},
  publisher={Elsevier}
}

# NN

@misc{mitExplainedNeural,
	author = {MITNewsOffice},
	title = {{E}xplained: {N}eural networks --- news.mit.edu},
	howpublished = {\url{https://news.mit.edu/2017/explained-neural-networks-deep-learning-0414}},
	year = {2017},
	note = {[Accessed 27-09-2024]},
}

@book{brahme2014comprehensive,
  title={Comprehensive biomedical physics},
  author={Brahme, Anders},
  year={2014},
  publisher={Newnes}
}

@book{bishop2006pattern,
  publisher={Springer},
  author = {Bishop, Christopher},
  year = {2006},
  title = {Pattern {R}ecognition and {M}achine {L}earning}
}

@book{vapnik2013nature,
  title={The nature of statistical learning theory},
  author={Vapnik, Vladimir},
  year={2013},
  publisher={Springer science \& business media}
}

@misc{goodfellow2016deep,
  title={Deep learning},
  author={Goodfellow, Ian},
  year={2016},
  publisher={MIT press}
}

@article{probst2019tunability,
  title={Tunability: {I}mportance of hyperparameters of machine learning algorithms},
  author={Probst, Philipp and Boulesteix, Anne-Laure and Bischl, Bernd},
  journal={Journal of Machine Learning Research},
  volume={20},
  number={53},
  pages={1--32},
  year={2019}
}

@article{zoph2016neural,
  title={Neural architecture search with reinforcement learning},
  author={Zoph, B},
  journal={arXiv preprint arXiv:1611.01578},
  year={2016}
}

@inproceedings{jin2019auto,
  title={Auto-keras: {A}n efficient neural architecture search system},
  author={Jin, Haifeng and Song, Qingquan and Hu, Xia},
  booktitle={Proceedings of the 25th ACM SIGKDD international conference on knowledge discovery \& data mining},
  pages={1946--1956},
  year={2019}
}

@article{claesen2015hyperparameter,
  title={Hyperparameter search in machine learning},
  author={Claesen, Marc and De Moor, Bart},
  journal={arXiv preprint arXiv:1502.02127},
  year={2015}
}

# R

@misc{rdocumentationConfusionMatrixFunction,
	author = {},
	title = {confusion{M}atrix function - {R}{D}ocumentation --- rdocumentation.org},
	howpublished = {\url{https://www.rdocumentation.org/packages/caret/versions/6.0-94/topics/confusionMatrix}},
	year = {},
	note = {[Accessed 27-09-2024]},
}

@misc{rdocumentationCreateDataPartitionFunction,
	author = {},
	title = {create{D}ata{P}artition function - {R}{D}ocumentation --- rdocumentation.org},
	howpublished = {\url{https://www.rdocumentation.org/packages/caret/versions/6.0-94/topics/createDataPartition}},
	year = {},
	note = {[Accessed 27-09-2024]},
}

# Kappa 

@article{mchugh2012interrater,
  title={Interrater reliability: the kappa statistic},
  author={McHugh, Mary L},
  journal={Biochemia medica},
  volume={22},
  number={3},
  pages={276--282},
  year={2012},
  publisher={Medicinska naklada}
}

@article{pontius2011death,
  title={Death to {K}appa: birth of quantity disagreement and allocation disagreement for accuracy assessment},
  author={Pontius Jr, Robert Gilmore and Millones, Marco},
  journal={International journal of remote sensing},
  volume={32},
  number={15},
  pages={4407--4429},
  year={2011},
  publisher={Taylor \& Francis}
}

@book{galton1892finger,
  title={Finger prints},
  author={Galton, Francis},
  year={1892},
  publisher={Cosimo Classics}
}

@article{smeeton1985early,
  title={Early history of the kappa statistic},
  author={Smeeton, Nigel C},
  journal={Biometrics},
  volume={41},
  pages={795},
  year={1985}
}

@article{cohen1960coefficient,
  title={A coefficient of agreement for nominal scales},
  author={Cohen, Jacob},
  journal={Educational and psychological measurement},
  volume={20},
  number={1},
  pages={37--46},
  year={1960},
  publisher={Sage Publications Sage CA: Thousand Oaks, CA}
}

 @article{sim2005kappa,
  title={The kappa statistic in reliability studies: use, interpretation, and sample size requirements},
  author={Sim, Julius and Wright, Chris C},
  journal={Physical therapy},
  volume={85},
  number={3},
  pages={257--268},
  year={2005},
  publisher={Oxford University Press}
}

@article{chicco2021matthews,
  title={The {M}atthews correlation coefficient ({M}{C}{C}) is more informative than {C}ohen’s {K}appa and {B}rier score in binary classification assessment},
  author={Chicco, Davide and Warrens, Matthijs J and Jurman, Giuseppe},
  journal={Ieee Access},
  volume={9},
  pages={78368--78381},
  year={2021},
  publisher={IEEE}
}

@article{heidke1926berechnung,
  title={Berechnung des {E}rfolges und der {G}{\"u}te der Windst{\"a}rkevorhersagen im {S}turmwarnungsdienst},
  author={Heidke, Paul},
  journal={Geografiska Annaler},
  volume={8},
  number={4},
  pages={301--349},
  year={1926},
  publisher={Taylor \& Francis}
}

@book{philosophical1887bulletin,
  title={Bulletin},
  author={Philosophical Society of Washington and Philosophical Society of Washington, Washington, DC},
  volume={10},
  year={1887},
  pages={83},
  publisher={The co-operation of the Smithsonian Institution}
}
 
# Binomial test

@book{howell1992statistical,
  title={Statistical methods for psychology},
  author={Howell, David C},
  year={1992},
  publisher={PWS-Kent Publishing Co}
}

@misc{graphpadGraphPadPrism,
	author = {GraphPad Software, Inc.},
	title = {{G}raph{P}ad {P}rism 6 {S}tatistics {G}uide - {T}he binomial test --- graphpad.com},
	howpublished = {\url{https://www.graphpad.com/guides/prism/6/statistics/stat_binomial.htm}},
	year = {},
	note = {[Accessed 28-09-2024]},
}

# binom.test

@misc{rdocumentationBinomtestFunction,
	author = {},
	title = {binom.test function - {R}{D}ocumentation --- rdocumentation.org},
	howpublished = {\url{https://www.rdocumentation.org/packages/stats/versions/3.6.2/topics/binom.test}},
	year = {},
	note = {[Accessed 28-09-2024]},
}

@article{clopper1934use,
  title={The use of confidence or fiducial limits illustrated in the case of the binomial},
  author={Clopper, Charles J and Pearson, Egon S},
  journal={Biometrika},
  volume={26},
  number={4},
  pages={404--413},
  year={1934},
  publisher={JSTOR}
}

@book{conover1999practical,
  title={Practical nonparametric statistics},
  author={Conover, WJ},
  year={1999},
  publisher={John Wiley \& Sons, Inc}
}

@book{hollander2013nonparametric,
  title={Nonparametric statistical methods},
  author={Hollander, M},
  year={2013},
  publisher={John Wiley \& Sons Inc}
}

# confusionMatrix

@article{kuhn2008building,
  title={Building predictive models in {R} using the caret package},
  author={Kuhn, Max},
  journal={Journal of statistical software},
  volume={28},
  pages={1--26},
  year={2008}
}

@article{altman1994diagnostic,
  title={Diagnostic tests. 1: {S}ensitivity and specificity.},
  author={Altman, Douglas G and Bland, J Martin},
  journal={BMJ: British Medical Journal},
  volume={308},
  number={6943},
  pages={1552},
  year={1994},
  publisher={BMJ Publishing Group}
}

@article{dg1994diagnostic,
  title={Diagnostic test 2: predictive values},
  author={Altman, Douglas G and Bland, J Martin},
  journal={BMJ: British Medical Journal},
  volume={309},
  pages={102},
  year={1994},
  publisher={BMJ Publishing Group}
}

@article{velez2007balanced,
  title={A balanced accuracy function for epistasis modeling in imbalanced datasets using multifactor dimensionality reduction},
  author={Velez, Digna R and White, Bill C and Motsinger, Alison A and Bush, William S and Ritchie, Marylyn D and Williams, Scott M and Moore, Jason H},
  journal={Genetic Epidemiology: the Official Publication of the International Genetic Epidemiology Society},
  volume={31},
  number={4},
  pages={306--315},
  year={2007},
  publisher={Wiley Online Library}
}

# createDataPartition

@misc{topepoDataSplitting,
	author = {Max Kuhn},
	title = {4 {D}ata {S}plitting | {T}he caret {P}ackage --- topepo.github.io},
	howpublished = {\url{https://topepo.github.io/caret/data-splitting.html}},
	year = {},
	note = {[Accessed 28-09-2024]},
}

@book{hyndman2018forecasting,
  title={Forecasting: principles and practice},
  author={Hyndman, RJ},
  year={2018},
  publisher={OTexts}
}

@misc{rdocumentationSystemtimeFunction,
	author = {},
	title = {system.time function - {R}{D}ocumentation --- rdocumentation.org},
	howpublished = {\url{https://www.rdocumentation.org/packages/base/versions/3.6.2/topics/system.time}},
	year = {},
	note = {[Accessed 28-09-2024]},
}

# PCA more

# principal axis theorem

@book{stewart2019introduction,
  title={Introduction to linear algebra},
  author={Stewart, Frank M},
  year={2019},
  publisher={Courier Dover Publications}
}

# proper orthogonal decomposition (POD)

@article{berkooz1993proper,
  title={The proper orthogonal decomposition in the analysis of turbulent flows},
  author={Berkooz, Gal and Holmes, Philip and Lumley, John L},
  journal={Annual review of fluid mechanics},
  volume={25},
  number={1},
  pages={539--575},
  year={1993},
  publisher={Annual Reviews 4139 El Camino Way, PO Box 10139, Palo Alto, CA 94303-0139, USA}
}

@inproceedings{karhunen1946spektraltheorie,
  title={Zur spektraltheorie stochasticher},
  author={Karhunen, Kari},
  booktitle={Annales Academiae Scientiarum Fennicae Series A},
  volume={1},
  pages={34},
  year={1946}
}

@book{loeve1977elementary,
  title={Elementary probability theory},
  author={Lo{\`e}ve, Michel},
  year={1977},
  publisher={Springer}
}

@article{sirovich1987turbulence,
  title={Turbulence and the dynamics of coherent structures. I. {C}oherent structures},
  author={Sirovich, Lawrence},
  journal={Quarterly of applied mathematics},
  volume={45},
  number={3},
  pages={561--571},
  year={1987}
}

# Karhunen–Loève theorem (KLT)
 
@article{sapatnekar2011overcoming,
  title={Overcoming variations in nanometer-scale technologies},
  author={Sapatnekar, Sachin S},
  journal={IEEE Journal on Emerging and Selected Topics in Circuits and Systems},
  volume={1},
  number={1},
  pages={5--18},
  year={2011},
  publisher={IEEE}
}

@inproceedings{ghoman2012pod,
  title={A POD-based reduced order design scheme for shape optimization of air vehicles},
  author={Ghoman, Satyajit and Wang, Zhicun and Chen, Ping and Kapania, Rakesh},
  booktitle={53rd AIAA/ASME/ASCE/AHS/ASC Structures, Structural Dynamics and Materials Conference 20th AIAA/ASME/AHS Adaptive Structures Conference 14th AIAA},
  pages={1808},
  year={2012}
}

@misc{archiveKarhunenLoeveTransform,
	author = {Wang, Ruye},
	title = {Computer {I}mage {P}rocessing and {A}nalysis (E161) lectures, {H}arvey {M}udd {C}ollege, {K}arhunen-{L}oeve {T}ransform ({K}{L}{T})},
	howpublished = {\url{https://web.archive.org/web/20161128140401/http://fourier.eng.hmc.edu/e161/lectures/klt/node3.html}},
	year = {2016},
	note = {[Accessed 29-09-2024]},
}

@phdthesis{amslaurea10169,
	author = {Giordano Giambartolomei},
	title = {The Karhunen-Lo{\`e}ve theorem},
	school = {University of Bologna},
	year = {2016},
	url = {http://amslaurea.unibo.it/10169/}
}

@book{mallat1999wavelet,
  title={A wavelet tour of signal processing},
  author={Mallat, Stephane},
  year={1999},
  publisher={Academic Press}
}

@article{tang1998texture,
  title={Texture information in run-length matrices},
  author={Tang, Xiaoou},
  journal={IEEE transactions on image processing},
  volume={7},
  number={11},
  pages={1602--1609},
  year={1998},
  publisher={IEEE}
}

# Eigendecomposition

@article{gloub1996matrix,
  title={Matrix computations},
  author={Gloub, Gene H and Van Loan, Charles F},
  journal={Johns Hopkins Universtiy Press, 3rd edtion},
  year={1996}
}

@inproceedings{hayden2002observations,
  title={Observations on the relationship between eigenvalues, instrument noise, and detection performance},
  author={Hayden, Andreas F and Twede, David R},
  booktitle={Imaging Spectrometry VIII},
  volume={4816},
  pages={355--362},
  year={2002},
  organization={SPIE}
}

# Empirical orthogonal functions (EOF)

@book{lorenz1956empirical,
  title={Empirical orthogonal functions and statistical weather prediction},
  author={Lorenz, Edward N},
  volume={1},
  year={1956},
  publisher={Massachusetts Institute of Technology, Department of Meteorology Cambridge}
}

# Eckart–Young theorem (Harman, 1960)

@article{eckart1936approximation,
  title={The approximation of one matrix by another of lower rank},
  author={Eckart, Carl and Young, Gale},
  journal={Psychometrika},
  volume={1},
  number={3},
  pages={211--218},
  year={1936},
  publisher={Springer}
}

# quasiharmonic modes (Brooks et al., 1988)

@book{dove1993introduction,
  title={Introduction to lattice dynamics},
  author={Dove, Martin T},
  number={4},
  year={1993},
  publisher={Cambridge university press}
}